4800 5867
1129 625 1170 704 2⁸

316 801 398 876 εἶναι
418 802 562 882 τούτους.
589 840 630 852 -
658 806 696 887 6,
717 807 754 886 6,
775 804 832 870 263
859 798 955 870 isoio
980 801 1087 888 μύλλοι
1111 801 1191 891 ύμῖν
1216 829 1249 883 τε
1270 803 1422 884 κάλλιστα
1447 804 1501 873 καὶ
1523 802 1638 893 &poppa
1657 800 1740 880 ιύναι
1759 806 1814 882 καὶ
1833 803 1912 891 ἐμοί,
1932 845 1974 857 -

316 928 347 1008 5,
369 928 399 1008 7,
420 923 478 989 3οι
498 917 577 1006 ύμῖν
595 919 708 1006 μόνοις
726 917 771 1005 μὴ
793 916 935 1005 depol-ic
955 915 1047 1002 εἶναι.
1075 958 1117 972 -
1144 926 1175 1006 6,
1199 927 1227 1005 7,
1248 924 1306 1000 26:
1332 919 1407 1002 οὔτε
1429 916 1505 1006 ύμῖν
1524 945 1579 1020 μοι
1599 925 1689 998 ύοκιῑ
1707 919 1873 1009 συμφέρον
1892 918 1976 1003 ,εἶναι

394 1035 464 1122 6μοί
485 1060 518 1103 τε
539 1029 582 1102 αύ
602 1034 643 1103 ού
662 1034 750 1112 πάνυ
768 1061 799 1102 τι
817 1039 934 1123 νομίζοι
955 1035 1096 1122 ἀσφαλὲς
1116 1034 1197 1108 εἶναι
1218 1042 1322 1106 τούτο.
1344 1075 1384 1087 -
1406 1042 1437 1124 6,
1458 1039 1489 1117 2,
1512 1039 1568 1120 12:
1592 1037 1663 1106 οὐδ’
1683 1035 1762 1125 ἡμῖν
1781 1035 1864 1122 εἶναι
1883 1035 1975 1112 τάδε·

315 1156 394 1239 μίαν
412 1155 581 1240 σωτηρίαν.
603 1190 645 1202 -
667 1158 697 1238 7,
708 1155 805 1238 2,38;
828 1155 922 1232 εἴτις
942 1155 994 1221 ool
1013 1152 1078 1223 lore
1096 1154 1255 1242 θυγάτηρ.
1275 1191 1318 1203 -
1339 1159 1369 1239 7,
1382 1158 1440 1240 7,7
1449 1177 1457 1222 :
1480 1152 1544 1226 ἐπεὶ
1566 1157 1601 1234 rii
1620 1152 1698 1250 ἡμῖν
1717 1156 1808 1240 φίλοι
1821 1152 1975 1241 ἕγὲνςσθιι,

315 1307 359 1320 -
380 1274 410 1355 7,
432 1275 461 1355 7,
482 1275 517 1337 5:
537 1268 614 1355 πρὶν
634 1265 713 1355 ύμῖν
733 1273 823 1356 φίλοι
842 1267 1003 1356 γενέσθαι.
1017 1307 1059 1334 -.
1082 1274 1112 1355 7,
1134 1275 1164 1355 7,
1184 1275 1220 1339 9:
1241 1271 1318 1356 πρὶν
1337 1270 1373 1340 ii
1393 1268 1471 1357 ἡμῖν
1489 1273 1579 1357 φίλοι
1598 1270 1758 1364 γενέσθαι.
1771 1309 1814 1321 -
1829 1275 1859 1355 7,
1874 1277 1904 1357 7,
1918 1274 1974 1340 21:

196 1451 197 1454 ,
316 1387 368 1456 aot
385 1385 449 1473 γάρ
470 1437 525 1464 ,...
546 1385 691 1471 ἐνόμιζον
711 1375 881 1471 σύμφορον
900 1382 991 1454 εἶναι.
1014 1422 1057 1434 -—
1078 1391 1108 1470 7,
1129 1390 1159 1470 7,
1180 1387 1237 1466 36:
1258 1387 1309 1466 οοί
1330 1386 1365 1466 al}
1385 1390 1449 1468 νύν
1468 1384 1489 1473 ἡ
1508 1386 1667 1473 ιιρύοοὸος
1686 1390 1804 1455 κλείων
1824 1385 1918 1466 ἔσται.
1932 1424 1973 1435 -

317 1509 347 1594 7,
362 1508 392 1588 7,
406 1506 461 1571 52ι
484 1501 553 1589 ἐμοὶ
573 1499 608 1568 δὲ
628 1499 734 1587 μένειν
753 1499 813 1598 οὐχ
834 1497 906 1570 οἶόν
925 1525 967 1569 τε.
988 1538 1030 1549 -
1050 1502 1157 1588 νύμιζτ
1176 1502 1231 1585 καὶ
1251 1503 1302 1574 σοὶ
1323 1506 1416 1580 τοῦτο
1437 1500 1566 1588 ἀγαθὸν
1587 1503 1726 1582 ἔσεσθαι.
1744 1543 1786 1553 -
1808 1503 1974 1571 Chiasmus

315 1621 398 1689 inest
419 1621 452 1686 in
472 1619 551 1690 louis
573 1622 603 1703 l,
623 1620 653 1703 3,
674 1622 709 1696 9:
730 1616 804 1688 οὔτε
823 1617 888 1705 γάρ
909 1615 999 1704 ἡμεῖς
1019 1616 1142 1700 ἐκείνου
1162 1616 1207 1685 ἔτι
1227 1623 1414 1705 στρατιῶται
1433 1669 1502 1687 .....
1523 1617 1597 1699 oilae
1617 1618 1736 1698 ἐκεῖνος
1762 1617 1807 1686 ἔτι
1826 1615 1905 1705 ἡμῖν
1924 1642 1974 1704 μι-

315 1734 483 1822 σθοδότης.
504 1772 545 1784 -
567 1737 599 1819 2,
619 1737 650 1821 4,
674 1739 726 1802 16:
747 1735 850 1802 πιστοὶ
871 1732 961 1813 ὄντες
980 1732 1082 1826 Κύρῳ
1102 1733 1157 1802 καὶ
1178 1731 1255 1819 ύμῖν
1273 1726 1371 1802 εὖνοι.
1393 1772 1436 1784 -
1464 1740 1497 1819 1,
1517 1739 1554 1822 4,
1575 1738 1610 1804 8:
1637 1736 1753 1813 εἰδότες
1773 1734 1823 1814 ὅτι
1842 1738 1975 1818 κακίους

314 1851 372 1919 eloi
393 1853 464 1952 τιερὶ
485 1847 568 1938 ἡμᾶς
586 1849 609 1937 ἢ
628 1848 719 1936 ἡμεῖς
737 1851 809 1938 περὶ
829 1849 978 1929 ἐκείνους.
1000 1887 1039 1900 ·-
1064 1855 1093 1936 7,
1106 1852 1137 1935 3,
1151 1852 1207 1918 34:
1228 1851 1313 1918 οἵτε
1334 1850 1396 1937 γάρ
1416 1851 1560 1936 πολέμιοι
1584 1856 1708 1942 Θρᾷκες
1727 1849 1806 1937 ύμῖν
1825 1851 1880 1936 καὶ
1897 1847 1974 1940 ἡμῖν

314 1969 349 2035 ολ
367 1971 464 2053 φίλοι.
489 1966 680 2044 -Praeter
700 1968 784 2035 huno
802 1967 907 2036 looum
929 1988 1027 2035 unum
1047 1973 1168 2035 tantum
1189 1967 1353 2052 habemns,
1373 1968 1483 2054 inquo
1502 1988 1689 2055 pronomen,
1711 1989 1782 2049 oum
1798 1969 1830 2034 vi
1847 1966 1973 2048 elatum,
2064 2019 2067 2028 .

314 2092 389 2171 pest
408 2084 597 2168 adjectivum
617 2086 757 2172 positum
777 2086 829 2169 sit,
850 2104 945 2171 quum
959 2085 993 2154 iu
1010 2084 1165 2167 adjectivo
1181 2105 1305 2170 quoque
1320 2085 1368 2151 vis
1382 2085 1458 2152 insit
1478 2086 1508 2169 2,
1520 2091 1550 2168 5,
1565 2087 1620 2152 12;
1641 2084 1695 2152 καλ
1709 2083 1743 2152 οὲ
1757 2082 1974 2172 βουλήσεσθαι

313 2204 413 2286 φίλον
431 2198 509 2288 ἡμῖν
529 2197 622 2281 εἶναι,
644 2207 677 2268 et
695 2222 791 2278 unum
813 2202 848 2267 in
869 2221 929 2288 quo
950 2220 1128 2287 pronomen
1149 2220 1220 2269 oum
1241 2203 1274 2268 vi
1293 2201 1328 2267 in
1341 2200 1403 2267 fine
1419 2202 1575 2284 enunoiati
1590 2208 1695 2269 exstet
1717 2208 1746 2287 1,
1760 2205 1790 2286 6,
1803 2204 1837 2268 6:
1858 2202 1974 2282 τούτου

314 2315 524 2404 γάρπρῶτον
543 2314 602 2403 μὲν
622 2312 640 2383 ὁ
661 2313 737 2403 ἐμὰς
755 2314 858 2403 πατὴρ
880 2315 998 2382 ἔδωκεν
1018 2312 1163 2402 ύιιὴιιοον
1181 2312 1264 2383 εἶναι
1284 2315 1361 2401 ἐμοί.
1382 2353 1424 2365 -·

457 2516 488 2583 b.
514 2515 563 2586 De
586 2515 790 2584 oollooatione
811 2514 1009 2602 pronominis
1030 2513 1218 2600 personalis,
1240 2515 1323 2599 quod
1346 2496 1520 2597 subjectum
1544 2521 1593 2581 est
1612 2519 1667 2581 aut
1684 2513 1829 2581 infinitivi

1025 2637 1079 2698 aut
1098 2630 1266 2716 participii.

414 2777 476 2846 Ilio
495 2778 665 2865 plurimum
685 2778 770 2845 ualet
791 2778 953 2846 collocatio
976 2779 1064 2846 uerbi
1086 2778 1241 2862 regentis,
1266 2779 1307 2844 ad
1334 2779 1418 2864 quod
1441 2799 1616 2866 pronomen
1639 2780 1897 2866 quamproxime
1920 2799 1971 2844 ac·

316 2893 430 2961 oedero
451 2894 540 2962 solet
583 2894 684 2972 Quare
705 2896 760 2963 ubi
780 2896 912 2962 uerbum
933 2896 1106 2978 antecedit,
1127 2914 1304 2981 pronomen
1328 2897 1456 2982 ponitur
1483 2902 1556 2963 ante
1581 2895 1768 2962 infinitivum
1794 2893 1845 2960 vel
1872 2895 1970 2978 parti-

316 3010 442 3096 cipium,
463 3010 517 3077 ubi
537 3012 668 3079 uerbum
689 3013 839 3098 seqnitur,
859 3011 1031 3080 infinitivus
1053 3011 1103 3078 rel
1122 3013 1324 3100 participium
1345 3020 1417 3079 ante
1438 3030 1615 3098 pronomen
1634 3012 1772 3097 ponitur.
1807 3011 1970 3078 Nonnum-

316 3147 410 3213 quam
429 3127 561 3195 uerbum
581 3128 664 3218 inter
685 3135 850 3213 utrumque
873 3129 1027 3194 insertum
1047 3127 1177 3214 legitur,
1202 3149 1274 3195 raro
1301 3130 1453 3195 infinitivo
1481 3128 1539 3194 rel
1553 3128 1720 3214 parfioipio
1742 3148 1761 3193 a
1781 3127 1969 3213 pronomine

315 3243 498 3328 sejungitur.
539 3242 588 3310 Ita
606 3263 666 3310 nos
687 3264 825 3329 quoque,
847 3245 901 3311 ubi
920 3246 1115 3311 aecusativus
1137 3265 1209 3311 oum
1229 3243 1383 3310 infinitivo
1405 3246 1439 3310 in
1458 3252 1568 3312 nostra
1586 3243 1693 3326 lingua
1713 3249 1874 3329 superest,
1895 3263 1970 3328 pro·

312 3380 432 3428 nomen
450 3361 596 3447 proxime
616 3361 811 3446 apponimus·
826 3361 868 3427 ad
883 3360 1013 3427 verbum
1027 3379 1151 3444 regens.
1186 3357 1295 3445 ltaque
1318 3361 1357 3427 ab
1379 3360 1418 3425 iis
1440 3359 1545 3427 verbis
1565 3359 1758 3446 proficiscar,
1781 3379 1860 3443 quae
1875 3359 1967 3425 etiam

315 3477 401 3562 apud
419 3496 479 3542 nos
500 3495 572 3542 oum
593 3476 771 3542 accusativo
794 3480 827 3542 et
846 3476 999 3544 infinitivo
1022 3477 1266 3560 conjunguntur,
1292 3481 1328 3541 ut
1348 3471 1414 3555 ἐᾶν,
1435 3474 1575 3542 κελεύειν
1600 3475 1763 3542 similibus.
1805 3476 1836 3556 2,
1860 3476 1890 3557 3,
1911 3475 1967 3539 20:

315 3589 444 3676 ἐρέσθαι
464 3587 499 3657 δι’
519 3613 557 3674 με
577 3585 662 3673 ύμιῖς
680 3589 828 3656 ἐκέλευσε.
858 3628 894 3638 —
922 3594 958 3675 3,
979 3595 1014 3675 3,
1035 3594 1071 3658 3:
1098 3594 1126 3658 el
1143 3589 1201 3677 μέν
1220 3615 1267 3667 τις
1290 3589 1326 3678 ἐᾷ
1345 3589 1429 3677 ἡμᾶς
1458 3590 1581 3659 ἀπιέναι
1607 3593 1725 3659 οἴκαδε.
1751 3629 1792 3638 -
1818 3593 1855 3673 6,
1875 3591 1911 3671 6,
1932 3592 1967 3652 6ῐ

314 3705 482 3793 ἠνάγκασα
503 3704 538 3773 δὲ
559 3704 593 3773 σὲ
613 3710 728 3772 τοῦτον
749 3703 846 3790 άγειν.
867 3742 909 3752 -
932 3710 963 3790 6,
975 3709 1006 3789 8,
1026 3710 1079 3774 16;
1099 3707 1267 3774 κωλύοντα
1287 3707 1342 3774 καὶ
1362 3702 1448 3791 ύμάς
1528 3708 1581 3774 καὶ
1603 3704 1742 3794 ἡμᾶς
1764 3704 1967 3791 πορεύεσθαι.

315 3859 355 3870 -
377 3827 407 3907 6,
428 3828 458 3908 6,
480 3826 536 3891 20:
557 3823 612 3888 καὶ
632 3820 771 3889 ἐκέλευσέ
792 3839 836 3902 σε,
859 3823 919 3888 εἴτε
938 3820 1060 3900 πάντας
1081 3826 1182 3912 αἰτιᾷ,
1203 3824 1357 3910 κρίναντα
1377 3821 1412 3889 σὲ
1433 3821 1532 3890 αύτύν
1552 3828 1693 3910 χρῆσθαι
1711 3822 1772 3904 6,τι
1792 3821 1836 3889 ἂν
1855 3819 1966 3907 βούλῃ.

314 3977 352 3986 -
384 3944 419 4024 7,
440 3943 476 4024 2,
499 3944 553 4008 16:
580 3944 643 4007 νῦν
663 3937 721 4024 μὲν
741 3937 867 4007 ἀπιέναι
888 3939 972 4024 opus
991 3939 1120 4007 κελεύει.
1147 3976 1188 3986 -
1217 3945 1252 4023 7,
1274 3942 1311 4022 6,
1332 3943 1388 4006 24:
1412 3937 1616 4025 Ἀρίσταρχος
1641 3938 1726 4026 ὑμᾶς
1746 3991 1815 4007 .....
1838 3937 1897 4004 ούκ
1919 3939 1968 4003 εἴα

315 4052 451 4121 εἰσιέναι.
473 4093 515 4104 -
536 4060 566 4139 7,
588 4059 618 4141 6,
638 4059 695 4124 29ι
716 4053 893 4132 κωλύοντες
986 4052 1069 4142 ἡμᾶς
1089 4060 1282 4141 πορίζεσθαι.
1304 4095 1346 4106 -
1369 4061 1404 4142 2,
1425 4059 1460 4143 3,
1481 4061 1538 4125 263
1560 4057 1734 4144 λαμβάνειν
1754 4055 1837 4143 ὑμᾶς
1858 4055 1892 4122 ἐκ
1913 4060 1968 4139 τῆς

314 4170 421 4258 χώρας
441 4170 583 4257 ἐάσομεν.
605 4210 646 4221 -
668 4172 717 4240 De
739 4172 808 4240 aliis
829 4173 1009 4239 nominibus
1031 4175 1069 4241 of.
1090 4177 1121 4260 4,
1143 4177 1173 4260 2,
1196 4180 1224 4240 1.
1252 4178 1281 4259 6,
1303 4177 1333 4257 6,
1352 4181 1381 4240 5.
1409 4179 1439 4259 7,
1462 4179 1490 4258 1,
1508 4177 1539 4240 4.
1565 4177 1595 4260 6,
1616 4179 1646 4259 6,
1669 4179 1705 4240 17
1734 4174 1804 4240 alia

415 4287 568 4366 Quattuor
585 4288 653 4372 jam
673 4294 746 4356 sunt
766 4309 884 4372 genera
904 4288 1127 4357 collocutionis.
1168 4291 1234 4358 Ant
1252 4292 1381 4359 verbum
1403 4312 1518 4374 regens
1539 4293 1711 4378 praeeedit,
1732 4291 1873 4375 sequitur
1893 4309 1966 4373 pro-

314 4427 432 4475 nomen
455 4413 581 4493 etpost
601 4406 662 4473 hoo
683 4405 854 4474 infimtivus
874 4406 925 4472 uel
945 4401 1162 4494 participinm3
1188 4414 1242 4475 aut
1261 4428 1438 4493 pronomen
1458 4410 1635 4492 praecedit,
1656 4409 1739 4474 inter
1760 4407 1845 4492 quod
1867 4413 1900 4472 et
1918 4406 1966 4472 in·

314 4522 469 4591 finitivum
488 4523 638 4614 inseritur
658 4521 790 4588 verbum
810 4543 939 4606 regens;
966 4530 1019 4590 ent
1039 4523 1210 4589 infinitivus
1233 4524 1384 4612 primam,
1407 4525 1538 4591 verbum
1558 4544 1672 4607 regens
1692 4523 1833 4589 nltimam
1857 4524 1965 4591 sedem

316 4641 420 4727 habet,
440 4660 617 4728 pronomen
631 4639 788 4719 mediam3
814 4646 868 4707 aut
893 4641 1027 4727 denique
1053 4640 1224 4707 infinitivus
1247 4641 1454 4726 interpositus
1475 4644 1525 4707 est
1543 4641 1627 4707 inter
1648 4640 1778 4707 verbum
1798 4660 1912 4724 regens
1935 4648 1965 4703 et

315 4776 501 4842 pronomen,
523 4756 688 4844 quodnisi
709 4754 857 4838 singulari
879 4776 972 4823 eausa
992 4756 1194 4844 postulatum,
1216 4776 1279 4822 non
1299 4755 1343 4823 iit.

418 4876 445 4938 1.
469 4872 611 4942 Verbum
629 4893 744 4958 regens
764 4874 936 4959 praecedit,
957 4875 1096 4960 sequitur
1109 4890 1286 4960 pronomen
1302 4880 1334 4940 et
1345 4879 1420 4959 post
1430 4872 1491 4940 hoo
1506 4872 1676 4940 infinitivus
1690 4871 1742 4939 vel
1755 4871 1964 4968 participium.

316 4987 391 5056 Sine
412 4988 445 5056 ri
465 5008 639 5073 pronomen
661 4995 766 5059 exstat
784 4992 815 5076 2,
825 4993 856 5074 4,
868 4991 902 5057 4:
926 4986 966 5057 ού
986 4989 1049 5076 γάρ
1065 4987 1195 5077 innare
1207 4993 1395 5077 βουλήσεται
1414 4987 1498 5077 ἡμᾶς
1519 4988 1738 5099 aetnaeos
1758 4985 1964 5073 τὴνἙλλάδα
