4800 5867
461 1333 547 1440 De
580 1333 904 1469 pronominis
937 1333 1234 1467 personalis
1266 1360 1368 1432 usu
1401 1334 1457 1432 et
1484 1327 1820 1432 collocatione

769 1503 826 1603 in
858 1502 1231 1636 Xenophontis
1266 1498 1509 1601 Anabasi.

1041 1746 1243 1759 ..........-.--·

414 1875 450 1960 Si
471 1912 582 1959 rerum
604 1899 653 1959 est
678 1892 712 1958 in
731 1892 845 1961 litteris
872 1914 912 1960 ue
940 1892 1106 1959 minimum
1131 1891 1258 1977 quidem
1286 1911 1357 1958 esse
1384 1888 1675 1972 contemnemdum,
1701 1908 1774 1955 meo
1796 1888 1868 1972 jure
1895 1885 1974 1956 mihi

316 2010 428 2076 videor
448 2008 602 2076 tantillam
621 2029 689 2075 rem
712 2011 886 2096 sumpsisse
908 2009 1120 2092 tractandam,
1145 2007 1343 2095 pronominis
1370 2005 1490 2074 scilieet
1514 2003 1689 2091 personalis
1710 2024 1802 2071 usum
1825 2011 1857 2073 et
1878 2005 1974 2074 collo·

314 2126 481 2209 cntionem,
503 2146 603 2210 neque
625 2145 697 2191 eam
718 2127 751 2192 in
764 2127 921 2193 universis
936 2125 1066 2192 Graecis
1086 2125 1200 2191 litteris
1222 2131 1275 2190 aut
1295 2123 1408 2190 saltem
1427 2122 1462 2189 in
1483 2141 1629 2188 sermone
1652 2121 1769 2206 Attico,
1790 2122 1898 2188 sedin
1912 2144 1974 2190 uno

314 2247 436 2307 tantum
465 2240 618 2326 scriptore
649 2242 778 2328 ejusque
806 2262 868 2308 uno
898 2262 1005 2328 opere.
1054 2241 1112 2307 Cui
1137 2244 1185 2308 rei
1213 2243 1240 2308 si
1266 2238 1338 2326 plns
1364 2240 1517 2324 temporis
1544 2258 1660 2304 navare
1685 2235 1843 2324 licuisset,
1870 2239 1975 2307 omnia

314 2355 536 2443 Xenophontis
559 2358 677 2444 scripta
698 2356 883 2444 complexus
906 2379 985 2444 qnae
1008 2363 1144 2443 exstant,
1166 2363 1199 2424 et
1218 2379 1254 2423 re
1273 2357 1409 2423 fortasse
1430 2356 1578 2422 uberiora
1598 2360 1631 2422 ot
1652 2354 1870 2440 exemplorum
1884 2357 1976 2442 copia

314 2475 461 2558 parciora
481 2474 679 2559 praeberem.
722 2474 812 2552 Quod
835 2495 930 2560 quum
951 2473 1028 2540 mihi
1050 2496 1113 2540 non
1134 2473 1254 2556 liceret,
1274 2473 1308 2539 id
1330 2471 1441 2539 saltem
1464 2472 1524 2554 egi,
1544 2475 1580 2538 ut
1600 2492 1678 2556 quae
1700 2472 1733 2537 in
1755 2470 1976 2559 Xenophontis

315 2589 458 2655 Anabasi
479 2596 642 2657 exstarent
663 2590 811 2677 exempla
831 2590 1013 2674 colligerem
1036 2596 1068 2656 et
1088 2590 1199 2657 ordine
1222 2589 1357 2675 quodam
1376 2587 1577 2673 disponerem
1592 2607 1762 2674 causasque
1782 2608 1837 2655 cur
1852 2610 1975 2677 quoque

318 2705 389 2771 loco
410 2725 588 2792 pronomen
609 2712 663 2773 aut
683 2705 766 2774 huuc
786 2713 840 2774 aut
859 2706 948 2773 illum
968 2705 1073 2773 locum
1095 2706 1262 2789 obtineret,
1285 2705 1486 2792 explicarem.

417 2819 488 2888 Duo
510 2827 616 2888 autem
637 2828 711 2890 sunt
733 2824 837 2908 capita
857 2823 970 2909 quibus
993 2828 1092 2888 totam
1112 2842 1182 2887 rem
1206 2822 1359 2888 contineri
1379 2820 1492 2904 vehm,
1513 2840 1645 2906 quorum
1666 2820 1754 2907 prius
1777 2822 1838 2888 en't
1858 2822 1898 2890 de
1919 2845 1977 2893 no·

316 2938 469 3003 minativo
492 2957 576 3020 casu,
598 2936 732 3004 alterum
754 2940 794 3004 de
816 2939 941 3005 casibus
962 2936 1117 3024 obliquis3
1140 2937 1179 3004 de
1200 2938 1250 3005 his
1271 2939 1350 3025 ipsis
1371 2943 1481 3021 agetur
1499 2936 1668 3024 tripartito,
1688 2946 1783 3024 prout
1801 2961 1979 3026 pronomen

319 3059 374 3118 ant
394 3051 513 3138 pendet
533 3052 584 3118 vel
605 3053 740 3121 asorbo
762 3052 814 3120 vel
835 3054 874 3121 ab
897 3054 1051 3138 adjectivo
1075 3075 1145 3122 curn
1168 3055 1281 3142 copula
1301 3056 1478 3138 conjuncto,
1498 3059 1552 3120 aut
1573 3053 1747 3138 subjectum
1769 3063 1819 3123 est
1839 3056 1890 3124 vel
1909 3058 1980 3126 inti·

317 3168 410 3235 nitivi
430 3168 481 3234 vel
503 3170 641 3252 genetivi
662 3190 755 3255 quem
777 3177 892 3238 uocant
912 3171 1061 3256 absoluti,
1083 3176 1137 3239 aut
1157 3172 1291 3257 denique
1313 3191 1333 3236 a
1354 3171 1575 3255 comparativis
1595 3171 1714 3255 pendet
1734 3169 1865 3257 aliisque
1887 3195 1980 3243 voca·

318 3284 417 3369 bulis,
446 3305 524 3370 quae
553 3283 699 3370 proxime
728 3286 882 3352 accedunt
908 3288 1133 3353 adactionem
1157 3287 1380 3373 comparatiui3
1411 3307 1491 3372 qnae
1512 3292 1634 3353 restant
1654 3287 1802 3373 exempla
1821 3290 1863 3356 ad
1883 3289 1978 3359 tinem

317 3400 481 3467 addentur.

1074 3519 1165 3621 Cap.
1190 3520 1221 3595 Ι.

769 3745 773 3750 .
889 3672 947 3754 lle
974 3669 1252 3754 nominativo
1279 3693 1400 3756 cusu
1478 3744 1481 3750 .

419 3840 622 3908 Nominativo
645 3859 719 3907 cusu
741 3837 856 3907 docent
877 3838 1073 3923 grammatici
1098 3858 1164 3904 non
1188 3858 1264 3905 usos
1290 3859 1361 3906 esse
1381 3837 1519 3906 Graecos
1544 3841 1605 3907 nisi
1631 3860 1702 3907 cum
1723 3842 1770 3926 vi,
1795 3842 1847 3909 rel
1868 3845 1979 3914 saltem

321 3959 529 4043 exceptiones
552 3977 623 4023 esse
645 3956 834 4023 rarissimas.
871 3957 1022 4022 Attamen
1042 3956 1169 4021 uidetur
1188 3975 1254 4022 non
1275 3961 1341 4022 tam
1361 3976 1433 4022 roro
1454 3958 1665 4025 nominativus
1687 3960 1803 4026 sineri
1823 3961 1982 4030 adhibitus

321 4093 404 4140 esse.
440 4072 520 4139 Nam
540 4075 684 4159 quamvis
703 4071 887 4159 plerumque
909 4071 1052 4138 inveniro
1073 4071 1179 4155 possis
1200 4072 1286 4155 quod
1306 4091 1460 4159 opponas,
1483 4081 1556 4142 suut
1575 4082 1682 4141 tamon
1701 4074 1764 4143 loci
1778 4078 1854 4143 satis
1868 4079 1981 4164 crebri,

320 4189 435 4275 quibus
455 4188 516 4255 hoc
538 4209 662 4275 quoque
683 4188 902 4256 difficillimum
925 4188 967 4254 sit
987 4193 1020 4253 et
1039 4187 1115 4253 torti
1135 4187 1210 4273 quid
1226 4197 1386 4273 appareat,
1407 4194 1442 4256 ut
1454 4192 1525 4275 ipse
1541 4191 1665 4259 dubites
1679 4209 1755 4257 num
1768 4198 1855 4258 recte
1870 4196 1981 4277 egeris.

322 4306 430 4391 ltaque
450 4305 663 4372 rectissimum
686 4306 820 4386 videtur,
841 4306 881 4371 iis
902 4304 997 4388 locis,
1017 4303 1130 4389 quibus
1150 4304 1212 4370 nisi
1233 4313 1301 4372 arte
1322 4304 1427 4390 dique
1446 4305 1587 4374 adhibita
1607 4311 1788 4393 oppositum
1809 4328 1874 4375 non
1894 4311 1983 4379 inve-

321 4424 442 4506 niatur,
462 4441 638 4508 pronomen
654 4420 796 4504 judicare
818 4423 885 4488 sine
907 4423 939 4488 vi
961 4441 1031 4487 esse
1054 4422 1201 4505 positum

421 4537 557 4605 inservit
576 4556 753 4624 pronomen
776 4536 924 4620 subjectis
945 4538 1119 4604 accuratius
1142 4535 1388 4621 distinguendis,
1414 4558 1508 4623 quam
1535 4545 1642 4623 potest
1661 4539 1730 4607 fieri
1756 4541 1825 4608 sola
1844 4541 1981 4613 flexione

325 4656 510 4737 verborum3
537 4674 633 4741 quum
659 4660 767 4720 autem
792 4655 898 4738 ipsum
919 4655 985 4722 vim
1005 4673 1069 4721 non
1090 4652 1222 4737 habeat,
1243 4653 1284 4719 ad
1303 4652 1389 4719 mind
1407 4650 1594 4721 vocabulum
1616 4676 1651 4722 se
1672 4656 1828 4744 applicat,
1847 4680 1909 4746 quo
1930 4661 1983 4727 fir·

324 4777 428 4839 metor
442 4779 476 4840 et
489 4771 673 4840 stabiliatur.
706 4770 753 4838 lta
766 4770 913 4855 proxime
927 4771 1051 4839 accedit
1062 4770 1105 4837 sd
1117 4770 1317 4856 pronomina,
1330 4771 1468 4837 maxime
1482 4770 1525 4837 sd
1537 4770 1678 4857 relativa,
1692 4774 1734 4841 ad
1748 4775 1982 4859 conjunctiones

327 4893 359 4952 et
378 4887 420 4952 ad
440 4888 503 4956 alic
523 4888 676 4959 vocabula
695 4903 775 4975 qnae
795 4905 867 4954 cum
888 4887 921 4953 vi
941 4884 1131 4966 ollerontun
1159 4886 1273 4972 quibus
1293 4885 1372 4953 locis
1392 4888 1427 4954 in
1448 4887 1569 4957 Graeco
1591 4891 1778 4975 pronomine
1799 4909 1863 4957 non
1883 4893 1985 4976 major

898 5023 906 5032 ·
1785 5012 1797 5059 1
