4800 5867
1040 664 1243 761 *eL

319 849 377 911 σεε.
419 842 552 911 Videtur
571 847 678 912 amen
697 840 759 910 boe
779 859 905 929 quoque
923 862 991 912 nou
1007 845 1098 930 parvi
1118 845 1272 914 momenti
1291 863 1381 927 esse,
1405 860 1468 927 quo
1488 839 1560 908 loeo
1581 838 1811 910 ementium
1830 840 1968 930 positum

318 960 375 1044 ait,
401 960 443 1025 ad
468 959 552 1045 quod
579 958 812 1044 comparativus
834 960 1002 1046 pertineat
1042 959 1205 1028 Habemus
1234 966 1321 1029 oorte
1348 956 1596 1045 eomparativum
1622 956 1774 1041 κρείττων
1804 959 1835 1038 i,
1856 956 1892 1039 2,
1912 955 1969 1022 261

317 1070 428 1142 οὑὺενί
445 1095 498 1142 πον
515 1074 670 1160 κρείττονι
690 1071 808 1142 ἑαυτοῦ
828 1075 873 1151 τίς
893 1079 1000 1160 χεῖρας
1018 1072 1134 1144 ἐλθεῖν.
1155 1112 1198 1125 -
1219 1080 1250 1160 7,
1271 1080 1301 1159 7,
1322 1076 1379 1142 34:
1402 1075 1430 1141 εί
1448 1068 1550 1140 ταὺτοί
1569 1093 1603 1137 τε
1623 1069 1782 1156 ὀφείλοιτο
1801 1068 1920 1148 ἄλλους
1937 1092 1970 1140 τε

315 1191 500 1275 κρείττονας
519 1188 642 1258 τούτων
661 1187 729 1257 rm
749 1207 784 1257 σε
803 1195 1014 1275 μισθοῦσθαι,
1035 1199 1107 1259 ante
1128 1192 1309 1277 genetivum
1329 1191 1470 1277 positum
1490 1209 1562 1256 eum
1583 1189 1711 1256 nomine
1732 1188 1775 1254 ad
1793 1187 1878 1273 quod
1896 1205 1970 1273 per-

317 1306 412 1386 tinet3
432 1311 543 1374 oonna
564 1309 594 1388 7,
616 1309 646 1389 7,
666 1305 724 1374 31:
743 1304 866 1373 τιὺτοεν
885 1308 1066 1392 κρείττονας
1086 1303 1163 1385 τοὺς
1182 1308 1475 1391 Λακεθαιμονίους,
1497 1305 1727 1392 comparativus
1748 1324 1820 1372 oum
1840 1302 1970 1369 nomine

317 1441 374 1489 suo
395 1428 470 1509 post
489 1424 668 1506 genetivum
688 1422 811 1508 positum
833 1428 890 1490 est
930 1422 1064 1491 Duobus
1087 1423 1156 1494 aliis
1175 1415 1271 1507 rods,
1295 1424 1331 1490 iu
1356 1423 1468 1508 quibus
1493 1420 1546 1489 bie
1564 1420 1796 1505 comparativus
1822 1438 1893 1486 oum
1914 1437 1970 1502 ge:

316 1538 421 1606 nativo
441 1538 640 1622 pronominis
659 1544 778 1621 most,
803 1545 841 1621 5,
862 1541 900 1623 4,
920 1541 978 1607 21:
1005 1537 1093 1617 ὅπως
1112 1537 1166 1606 κιιλ
1186 1547 1254 1617 τοῖς
1273 1540 1379 1625 φίλοις
1398 1541 1464 1605 τῶν
1483 1535 1660 1624 βαρβάρων
1683 1535 1788 1616 δόξετε
1808 1535 1970 1622 κρείττους

314 1650 424 1722 αὐτῶν
443 1649 537 1721 εἶναι.
558 1689 600 1703 -
630 1658 666 1737 7,
686 1657 724 1736 6,
744 1656 802 1722 35:
827 1651 907 1741 ὑπὲρ
929 1645 977 1722 ὧν
996 1652 1058 1740 tevai
1076 1653 1264 1742 ὑπήχθρμαι
1282 1678 1316 1722 τε
1335 1659 1465 1722 πλεῖστα
1489 1653 1544 1720 κιιί
1568 1656 1670 1720 ταῦτα
1694 1651 1777 1719 zoio
1795 1652 1970 1738 κρείττοσιν

314 1765 465 1853 ἐμαυτοῦ,
488 1790 529 1837 ex
549 1765 806 1838 auteoedeutibus
826 1771 933 1839 verbis
953 1771 1101 1840 neillime
1122 1772 1352 1840 substantivum
1366 1771 1559 1856 subauditur,
1580 1771 1622 1837 ad
1638 1769 1725 1856 quod
1739 1767 1969 1855 comparativus

315 1885 500 1953 reterendus
520 1891 578 1953 est
896 1897 900 1904 '

316 2013 319 2019 ’
413 2004 537 2085 μᾶλλον
561 2006 634 2069 ante
660 2003 839 2087 genetivum
865 2002 980 2088 tegitur
998 2007 1037 2088 2,
1061 2009 1094 2088 1,
1114 2006 1172 2072 232
1194 2002 1311 2089 θνητοί
1330 2008 1454 2089 μᾶλλον
1472 2000 1581 2089 ὑμῶν,
1603 2009 1678 2089 post
1698 2000 1894 2085 genetivum,
1915 1997 1967 2082 qui

314 2134 461 2200 magnam
484 2118 547 2184 vim
566 2117 663 2187 babet
690 2125 725 2203 1,
747 2123 782 2204 8,
802 2123 838 2198 4:
863 2119 918 2187 καὶ
938 2123 1002 2186 τῶν
1021 2119 1138 2188 ἑαυτοῦ
1158 2116 1393 2205 ὑποδεεστέρων
1410 2121 1546 2204 pones:
1572 2137 1633 2203 quo
1658 2116 1730 2184 loeo
1758 2116 1853 2184 etiam
1872 2133 1967 2198 geue·

315 2234 399 2302 tivus
417 2230 536 2300 ίαντσῦ
553 2240 628 2301 ante
650 2235 898 2322 eompuradvnm
917 2232 1153 2324 ὑποδεεστέρων
1177 2237 1347 2305 onlioeatus
1368 2242 1419 2304 est
1438 2241 1471 2302 et
1490 2241 1623 2323 propter
1640 2231 1806 2301 ardumum
1826 2230 1967 2298 additum

316 2353 349 2416 et
368 2368 409 2416 ne
429 2351 593 2432 genetivus
613 2347 847 2437 ὑποδεεστέρων
867 2372 887 2418 a
907 2355 1119 2440 eomparetivo
1140 2356 1264 2438 μᾶλλον
1284 2352 1508 2436 sejungeretur.

414 2462 584 2534 Praeterea
603 2466 756 2534 hebemus
775 2467 864 2536 looos
882 2470 915 2552 3,
937 2475 965 2552 1,
986 2471 1044 2537 23:
1063 2470 1196 2554 σὺματα
1216 2466 1393 2555 ίκανοίτερα
1412 2466 1544 2534 τοὺταν.
1570 2500 1612 2515 -
1640 2468 1670 2548 7,
1692 2467 1723 2547 7,
1742 2463 1798 2529 33;
1820 2461 1968 2538 πλείονας

315 2580 447 2647 τούτων.
468 2617 509 2630 -
529 2587 562 2663 6,
583 2584 614 2666 3,
636 2585 691 2649 181
711 2581 928 2669 ἐντιμοτίρους
948 2582 1085 2653 ἐκείνων.

416 2696 655 2784 Comperetivns
681 2701 814 2783 βελτίων
840 2700 951 2768 bisin
978 2702 1107 2769 auabesi
1135 2702 1250 2787 legitur
1281 2708 1356 2789 post
1380 2702 1563 2786 genetivum
1592 2695 1805 2785 pronominis,
1837 2710 1908 2759 oum
1936 2689 1966 2756 vi

317 2810 448 2878 elatam:
469 2813 500 2896 3,
521 2815 551 2897 2,
572 2815 629 2880 231
649 2812 707 2892 οὓς
727 2813 787 2882 οὑκ
807 2814 852 2882 ἂν
871 2814 963 2902 ήμεὸν
981 2819 1124 2903 φαίημεν
1142 2820 1286 2904 βελτίους
1306 2813 1396 2884 είναι.
1422 2852 1464 2865 ·-
1489 2818 1526 2901 2,
1545 2817 1581 2899 2,
1604 2820 1638 2881 1:
1660 2810 1709 2880 ὅτι
1727 2804 1867 2885 πολλοὺς
1886 2806 1968 2892 φαίη

312 2931 453 3012 Ἀριαῑος
472 2924 556 2994 ιίναι
575 2928 705 3014 Πέρσας
725 2928 842 2999 ἑαυτοῦ
861 2935 1044 3020 βελτίουςῑ)
1069 2970 1112 2983 -
1140 2933 1285 3022 Denique
1311 2934 1426 3020 legitur
1454 2938 1488 3018 1,
1509 2936 1545 3017 5,
1567 2935 1620 3000 lo:
1645 2928 1700 2997 καί
1721 2926 1805 3014 ὑμᾶς
1825 2923 1865 2994 οὑ
1884 2920 1967 2992 notri

314 3041 393 3128 ἐμοῦ
412 3043 561 3131 ὕστερον,
583 3065 643 3132 quo
663 3045 733 3116 loeo
756 3055 789 3117 et
808 3069 984 3137 pronomen
1010 3052 1051 3118 ad
1077 3052 1262 3119 adverbium
1288 3052 1371 3119 πολι)
1397 3070 1432 3118 se
1457 3048 1643 3137 applicavit,
1669 3052 1703 3114 et
1727 3042 1968 3131 comparativus.

315 3167 448 3247 propter
467 3162 532 3227 vim
554 3182 648 3246 quam
667 3162 772 3246 babet,
792 3164 934 3233 ultimam
957 3170 1113 3236 enunoiati
1134 3169 1244 3235 sedem
1265 3169 1407 3236 obtinuit

414 3275 520 3345 Etiam
541 3277 621 3345 eliae
639 3299 735 3346 voees
755 3281 796 3348 ad
817 3285 1021 3369 comparativi
1040 3286 1203 3351 notionem
1226 3303 1327 3370 prope
1348 3283 1535 3350 aecedentes
1556 3280 1737 3364 genetivum
1761 3281 1836 3363 post
1856 3290 1890 3339 se
1909 3291 1967 3357 po·

315 3393 410 3461 situm
430 3393 556 3462 habent.
579 3395 632 3463 Sio
645 3396 911 3465 substantivorum
925 3400 1063 3483 genetivi
1076 3400 1223 3482 leguntur
1241 3405 1316 3485 post
1334 3394 1478 3482 ὑστερεῖν
1500 3398 1635 3482 1,7,12;
1656 3399 1811 3480 περιεῖναι
1830 3392 1968 3475 1,3,24;

313 3511 555 3594 τεκταίνεσθαι
574 3513 610 3593 2,
633 3518 667 3594 1,
689 3514 745 3588 1³³
772 3510 919 3598 ἡμιόλιον
941 3520 970 3600 1,
990 3517 1021 3600 ε,
1041 3519 1103 3595 τι,
1132 3514 1374 3603 „moenem
1392 3518 1424 3599 e,
1445 3518 1476 3599 o,
1496 3517 1540 3594 ι,
1567 3510 1786 3579 nontamen
1807 3513 1837 3592 τ,
1858 3511 1889 3589 r,
1909 3509 1968 3584 τι,

313 3624 510 3713 προειστήκει
533 3632 562 3710 1,
582 3627 613 3709 2,
636 3630 663 3693 l.
691 3629 721 3710 6,
742 3629 773 3710 2,
794 3632 814 3695 9
841 3629 915 3712 (sed
941 3651 1012 3698 oum
1039 3632 1169 3700 mtionlo
1195 3639 1262 3709 τοῖς
1279 3634 1345 3698 τῶν
1367 3627 1529 3716 Ἐλλήνων
1548 3623 1758 3715 προεστηκόσι
1779 3629 1815 3709 7,
1837 3630 1872 3707 lv
1893 3624 1968 3708 3⁰)3

315 3749 348 3811 et
368 3744 396 3809 si
416 3742 496 3809 bueo
515 3762 637 3828 quoque
652 3743 770 3811 addere
782 3743 867 3829 lieet,
887 3742 989 3831 πέραν
1012 3750 1150 3830 l,5,10.
1173 3750 1249 3833 4,3,
1261 3750 1291 3815 3.
1311 3744 1393 3833 πέρα
1414 3751 1444 3832 6,
1456 3750 1487 3832 5,
1501 3752 1537 3830 7,
1558 3746 1808 3829 ἀποσπασθῆναι
1821 3744 1852 3828 2,
1864 3743 1896 3828 2,
1909 3743 1967 3822 12;

313 3855 424 3941 πρόσω
445 3861 475 3943 3,
495 3861 526 3943 2,
548 3861 605 3936 223
626 3857 856 3948 ἀμφοτέρωθεν
877 3863 907 3946 3,
928 3869 958 3947 4,
979 3865 1035 3942 295
1059 3862 1155 3931 ἔνθεν
1173 3863 1230 3930 καί
1249 3862 1346 3932 ἔνθεν
1366 3870 1397 3951 5,
1417 3867 1448 3948 2,
1468 3865 1525 3942 22ς
1546 3863 1619 3947 (aed
1645 3865 1676 3947 5,
1697 3863 1728 3943 6,
1751 3864 1785 3927 7;
1812 3861 1869 3944 τῆς
1886 3852 1967 3925 ionii

314 3974 390 4041 καθ’
412 3972 567 4061 ἑκάτερα.)
588 3974 658 4042 ion
677 3979 708 4062 4,
730 3978 760 4061 3,
782 3978 818 4056 33
839 3976 875 4044 iv
894 3957 1044 4070 ἀριστερᾷ
1065 4017 1106 4028 -
1127 3977 1163 4046 ἐν
1182 3981 1268 4070 δεξιᾷ
1288 3984 1319 4066 4,
1341 3983 1372 4066 3,
1394 3985 1450 4059 17;
1471 3979 1583 4067 πόρρω
1605 3980 1678 4064 1,3,
1696 3980 1745 4045 12.
1766 3978 1797 4061 3,
1811 3978 1842 4061 4,
1855 3976 1905 4041 35.
1927 4009 1966 4022 —

315 4089 364 4159 Ita
386 4091 481 4158 etiarn
502 4092 665 4175 genetivus
679 4095 876 4180 pronominis
896 4095 1072 4181 personatis
1093 4097 1123 4179 3,
1144 4097 1174 4178 2,
1196 4099 1251 4162 14:
1272 4098 1528 4174 πολλαπλασίους
1546 4094 1638 4182 ὑμῶν
1656 4092 1765 4160 αὑτῶν
1784 4089 1914 4157 ἐνικᾶτε
1926 4125 1967 4135 -

315 4212 345 4291 5,
364 4210 395 4292 5,
416 4209 472 4274 22τ
492 4207 545 4274 καλ
566 4205 674 4286 ἄλλοις
692 4212 939 4287 πολλαπλασίοις
957 4207 1051 4295 ὑμῶν
1070 4209 1315 4296 ἐπολεμήσαμεν.
1333 4247 1376 4261 -·
1397 4213 1539 4295 4,3,28ε
1560 4208 1656 4290 ἔνθεν
1674 4209 1729 4277 καί
1748 4205 1844 4275 ἔνθεν
1865 4208 1967 4292 σφόν.

313 4360 355 4374 -
382 4327 419 4407 4,
440 4324 476 4406 8,
499 4326 555 4390 li:
581 4323 837 4410 περιττεύσουσιν
862 4323 955 4413 ἡμῶν
979 4327 1013 4393 ολ
1034 4323 1185 4412 πολέμοισι.
1213 4365 1255 4377 -
1281 4331 1318 4412 5,
1340 4332 1374 4411 l,
1395 4331 1430 4396 9:
1455 4324 1697 4414 ὑπερκάθηνται
1720 4322 1783 4411 γὰρ
1804 4320 1905 4409 ήμῶν.
1925 4358 1967 4372 -·

315 4444 346 4524 7,
366 4441 398 4524 3,
419 4445 455 4507 9:
478 4437 657 4524 ἀπεχούσας
675 4436 776 4525 ήμῶν.
789 4478 832 4491 -
846 4442 898 4527 [of.
919 4446 950 4528 5,
971 4445 1003 4528 4,
1024 4444 1074 4509 31.
1096 4445 1133 4527 ’6,
1150 4448 1180 4526 5,
1201 4445 1232 4509 8.
1260 4446 1289 4527 7,
1311 4446 1341 4528 5,
1365 4446 1404 4510 15
1430 4443 1513 4531 alia]
1538 4479 1576 4492 -
1599 4446 1628 4527 1,
1648 4446 1680 4528 4,
1703 4445 1756 4509 14;
1776 4444 1842 4507 τῶν
1861 4437 1968 4505 ἄλλων

314 4554 410 4623 πλέον
436 4553 667 4643 προτιμήσεσθε
692 4561 900 4642 στρατιωτῶν.
925 4595 968 4609 -
1002 4557 1067 4625 Sed
1090 4562 1288 4625 πλεονεκτεῖν
1312 4578 1489 4645 pronomen
1512 4566 1585 4627 ante
1612 4578 1647 4626 se
1674 4556 1771 4626 babet
1797 4562 1833 4642 5,
1854 4558 1890 4641 8,
1913 4557 1967 4621 13:

313 4666 405 4756 ἡμῶν
423 4677 627 4739 πλεονεκτεῖν.
647 4706 690 4720 ·-
708 4667 750 4740 'ot
772 4674 802 4754 3,
824 4677 853 4758 l,
875 4676 915 4742 37
937 4675 1062 4741 τούτων
1081 4672 1344 4760 ἐπλεονεκτεῖτεί)
1362 4712 1406 4724 -

417 4869 437 4932 ¹)
457 4874 533 4923 Hono
554 4875 761 4939 comparativum
783 4874 844 4924 aliis
861 4873 930 4925 ioeie
946 4888 1028 4940 saepe
1045 4874 1157 4941 legimus
1179 4877 1215 4938 (7,
1228 4878 1253 4927 8.
1264 4875 1288 4927 ί.
1311 4878 1336 4938 7,
1348 4873 1373 4938 6,
1386 4877 1427 4927 38.
1449 4875 1564 4940 6,1,31.
1587 4879 1612 4940 3,
1622 4879 1647 4939 i,
1659 4878 1699 4928 83.
1722 4875 1764 4927 37.
1781 4874 1824 4928 38.
1847 4871 1873 4936 3,
1883 4869 1909 4936 3,
1919 4873 1965 4940 In),

314 4970 363 5022 sed
379 4970 439 5021 sino
455 4972 591 5036 genstiv03
608 4975 637 5024 in
652 4975 771 5026 Hierone
789 4982 877 5025 tamen
895 4973 920 5039 i,
939 4973 951 5025 i
970 4973 1012 5025 bie
1029 4983 1115 5025 exstat
1131 4980 1192 5024 ante
1208 4974 1370 5038 genetivum.

414 5066 437 5133 ²)
458 5071 498 5122 At
514 5070 542 5122 in
557 5071 673 5126 Hierone
691 5079 717 5141 8,
736 5079 747 5126 1
766 5075 930 5130 πλεονεκτεῖν
947 5083 1009 5127 ante
1026 5088 1172 5144 pronomen
1188 5072 1288 5138 iegitur
1303 5057 1454 5141 ibidemque
1469 5077 1632 5148 μειονεκτεῖν
1651 5080 1673 5137 1,
1693 5076 1734 5137 18,
1754 5075 1793 5126 13.
