4800 5867
1060 603 1262 700 —a-r—

328 792 393 861 δστε
414 791 463 859 δτι
483 786 588 872 ἀνδρα
607 781 853 860 κατακεκονότες
873 778 982 849 ἔσεσθε
1002 781 1105 849 πολλὰ
1125 781 1183 866 μὲν
1206 780 1248 868 δὴ
1267 779 1330 866 πρό
1351 777 1444 865 ὑμῶν
1464 779 1724 868 ἀγρυπνήσαντα,
1745 783 1847 851 πολλὰ
1868 783 1903 851 δὲ
1924 783 1986 853 σάν

329 906 407 994 ὑμῖν
426 903 610 991 πονήσαντα
629 901 683 968 καὶ
702 899 956 967 κινδυνεύσαντα
975 899 1031 966 καλ
1050 898 1086 966 ἐν
1106 903 1153 990 τῷ
1173 897 1261 985 μὶρει
1280 898 1334 965 καλ
1355 895 1443 982 παρὰ
1464 895 1499 964 τό
1514 896 1622 986 μέρος,
1636 903 1725 966 θεῶν
1738 902 1767 966 δ’
1776 902 1870 967 ἵλεων
1884 900 1988 969 ὄντων

329 1024 383 1092 καὶ
402 1021 538 1109 τρόπαια
557 1017 732 1104 βαρβάρων
756 1015 858 1084 πολλοὶ
879 1016 920 1103 δὴ
940 1014 1003 1084 σόν
1022 1013 1101 1101 ὑμῖν
1127 1014 1339 1102 στησάμενον,
1367 1012 1454 1091 ὅπως
1481 1012 1516 1080 δι’
1542 1038 1577 1100 γε
1603 1016 1715 1101 μηδενὶ
1740 1021 1805 1083 τῶν
1825 1014 1988 1104 Ἑλλήνων

328 1138 471 1224 πολέμιοι
490 1135 647 1222 γένοισθε,
668 1139 733 1200 πάν
753 1132 832 1201 ὅσον
852 1133 914 1218 ἐγώ
936 1133 1100 1219 ἐδυνάμην
1118 1129 1199 1219 πρός
1220 1130 1304 1217 ὑμᾶς
1324 1131 1575 1217 διατεινάμενον,
1600 1132 1654 1199 ubi
1677 1134 1861 1201 vocabulum
1886 1133 1989 1202 πολλά

331 1257 423 1341 (πᾶν)
444 1274 571 1338 semper
593 1229 715 1319 cumri
736 1251 894 1317 antecedit
915 1257 947 1317 et
967 1252 1112 1336 quodque
1133 1251 1257 1335 periodi
1277 1248 1455 1316 membrum
1475 1251 1508 1315 in
1521 1249 1723 1336 participium
1737 1271 1808 1317 cnm
1824 1251 1854 1318 vi
1873 1251 1987 1318 elatum

331 1372 455 1455 desinit,
476 1389 653 1455 pronomen
675 1374 781 1434 autem
802 1368 884 1434 inter
904 1372 1070 1451 utrumque
1091 1366 1250 1461 inscrtum
1267 1372 1325 1449 est,
1346 1366 1487 1450 quamvis
1509 1372 1642 1451 propter
1663 1367 1728 1432 vim
1749 1386 1827 1452 quae
1849 1367 1933 1434 inest
1953 1369 1986 1433 in

330 1487 510 1573 participio,
537 1485 651 1551 codem
673 1484 744 1566 jure
771 1482 931 1569 posthoc
958 1483 1098 1569 potuerit
1124 1483 1210 1568 poni.
1240 1479 1324 1571 ‘Jam
1350 1500 1426 1547 vero
1454 1487 1526 1546 sunt
1552 1482 1614 1548 loci
1642 1482 1807 1568 inquibus
1828 1488 1864 1550 ut
1885 1484 1985 1551 oratio

332 1604 457 1688 elegans
485 1601 541 1668 fiat
567 1607 599 1666 et
624 1600 705 1667 hene
732 1598 962 1682 distinguantur
988 1596 1110 1681 singula
1137 1597 1203 1681 ejus
1224 1597 1377 1681 membra
1398 1604 1430 1663 et
1451 1597 1589 1664 chiasmo
1615 1605 1647 1665 et
1668 1598 1829 1685 anaphora
1848 1619 1924 1666 usus
1944 1601 1988 1672 ,sit

330 1719 518 1804 Xenophon.
561 1715 646 1781 Talis
665 1715 753 1781 locus
775 1721 824 1782 est
847 1716 878 1800 2,
899 1718 929 1799 h,
952 1716 1010 1782 39:
1114 1714 1228 1790 οἵτινες
1254 1711 1428 1797 ὀμόσαντες
1451 1710 1530 1799 ἡμῖν
1556 1711 1632 1791 τούς
1659 1712 1777 1792 αότοδς
1797 1716 1914 1799 φίλους
1934 1716 1989 1781 καλ

329 1834 467 1923 ε’χθρούς
486 1840 617 1918 νομιεῖν,
638 1829 811 1916 προδόντες
832 1828 916 1917 ἡμᾶς
936 1828 999 1897 σδν
1024 1828 1233 1915 Τισσαφέρνει
1253 1831 1299 1919 τῷ
1321 1826 1494 1919 ἀθεωτάτῳ
1515 1829 1569 1894 καλ
1588 1828 1838 1921 πανουργοτάτῳ
1860 1830 1936 1907 τοός
1956 1854 1988 1898 τε

330 1953 453 2038 ἀνδρας
474 1947 592 2026 αότούς
612 1944 661 2026 οἷς
681 1946 804 2034 ὤμνυτε
825 1944 1042 2014 ἀπολωλέκατε
1062 1946 1116 2013 καὶ
1136 1944 1214 2022 τοὺς
1234 1944 1352 2022 ἀλλους
1372 1943 1455 2031 ἡμᾶς
1475 1946 1710 2030 προδεδωκότες
1730 1947 1792 2014 σόν
1811 1955 1878 2024 τοῖς
1898 1951 1989 2014 πολε-

330 2070 414 2154 μίοις
435 2065 484 2151 ἐφ’
502 2063 586 2151 ἡμᾶς
608 2064 747 2151 ἔρχεσθε,
767 2065 821 2130 uhi
841 2065 948 2149 priora
964 2064 1025 2130 duo
1039 2063 1183 2130 membra
1197 2063 1387 2149 anaphorica
1403 2064 1570 2130 constituta
1585 2071 1657 2130 sunt
1672 2065 1754 2131 iuter
1769 2083 1803 2130 se
1818 2062 1991 2149 ὀμόσαντες

329 2181 407 2271 η’μῖν
429 2233 525 2262 .......
546 2181 718 2267 προδόντες
739 2178 832 2268 ἡμᾶς,
855 2201 926 2247 cum
948 2181 1070 2247 duobus
1091 2180 1294 2264 sequentibus
1317 2186 1431 2264 autem,
1453 2200 1531 2266 qnae
1548 2181 1625 2246 item
1647 2181 1729 2247 inter
1742 2201 1777 2247 se
1797 2181 1989 2267 anaphoram

331 2301 483 2382 efficiunt,
510 2297 572 2363 criu
596 2297 805 2381 Τισσαφέρνει
903 2294 978 2373 τοός
997 2319 1031 2361 τε
1053 2294 1173 2379 ἀνδρας
1270 2294 1487 2362 ἀπολωλέκατε
1508 2295 1561 2361 καὶ
1661 2297 1723 2362 οὑν
1743 2304 1809 2373 τοῖς
1829 2300 1989 2380 πολεμίοις

330 2416 380 2502 ἐφ’
401 2413 486 2502 ἡμᾶς
506 2412 645 2500 ἔρχεσθε,
668 2415 843 2482 chiasmum
864 2416 1069 2496 eonstitunet,
1095 2414 1181 2496 cujus
1210 2418 1353 2477 extrema
1376 2432 1452 2498 pars
1478 2414 1599 2495 primae
1628 2411 1787 2477 simillima
1811 2411 1855 2477 tit
1898 2413 1988 2478 Alius

206 2587 210 2594 .
330 2533 421 2599 locus
443 2538 492 2598 est
513 2536 543 2616 7,
564 2535 594 2615 6,
609 2533 666 2597 33:
689 2529 769 2615 ἔχων
789 2529 847 2613 μὲν
867 2528 996 2595 ἔπαινον
1016 2525 1118 2593 πολόν
1138 2525 1220 2611 πρός
1242 2525 1333 2612 ὑμῶν
1352 2526 1603 2612 ἀπεπορευόμην,
1625 2525 1705 2612 ἔχων
1725 2526 1759 2592 δὲ
1778 2530 1819 2593 δι’
1834 2523 1918 2612 ὑμᾶς
1934 2530 1989 2596 καὶ

330 2648 394 2714 άπὸ
415 2651 480 2713 τῶν
501 2646 608 2713 ἀλλων
623 2646 786 2732 Ἑλλήνων
807 2645 962 2727 εὔκλειαν,
983 2648 1017 2711 in
1038 2666 1100 2731 quo
1123 2643 1311 2729 anaphorica
1333 2646 1438 2730 posita
1452 2650 1524 2710 sunt
1545 2642 1625 2729 ἔχων
1644 2641 1703 2728 μὲν
1723 2642 1856 2710 ἔπαινον
1874 2644 1988 2726 πολιόν,

332 2762 412 2849 ἔχων
433 2763 467 2830 δὲ
489 2814 555 2832 .....
577 2761 738 2844 εάιιλειαν,
767 2763 915 2829 chiastice
937 2769 1041 2830 autem
1068 2758 1199 2826 ἔπαινον
1220 2757 1324 2824 πολδν
1342 2759 1423 2844 πρὸς
1444 2758 1550 2844 ὑμῶν,
1572 2762 1613 2826 δι’
1634 2759 1718 2846 ἡμᾶς
1737 2812 1806 2829 .....
1833 2759 1988 2829 εὔκλειαν.

332 2880 412 2949 Item
431 2884 466 2948 in
484 2881 554 2948 loco
576 2886 606 2964 7,
628 2885 658 2964 6,
679 2883 734 2946 34:
756 2878 838 2964 πρὸς
856 2876 915 2962 μὲν
935 2879 1210 2961 Λακεδαιμονίους
1229 2873 1285 2960 ὑφ’
1307 2872 1400 2960 ὑμῶν
1421 2875 1680 2962 διαβεβλημένος,
1700 2878 1815 2964 Σεύθη
1835 2876 1870 2944 δὲ
1891 2876 1989 2964 άπηη·

330 2995 471 3082 σημάνας
486 2995 565 3083 ὑπὲρ
578 2995 671 3080 ὑμῶν
691 2996 880 3082 anaphorica
895 2995 1000 3082 posita
1014 3000 1086 3060 sunt
1107 2995 1204 3061 verba
1223 2995 1305 3080 πρός
1318 2991 1377 3078 μὲν
1391 2997 1718 3080 Λακεδαιμονίους
1734 2994 1988 3083 διαβεβλημένος,

331 3114 445 3200 Σεύθη
466 3112 501 3180 δὲ
523 3112 761 3199 απηγθημένος,
789 3113 957 3200 partieipia
982 3118 1087 3178 autem
1114 3118 1146 3178 et
1171 3113 1360 3197 pronomina
1385 3110 1543 3178 ehiastice.
1585 3109 1650 3177 Sed
1670 3111 1750 3179 haee
1770 3114 1926 3182 sufficiant
1947 3116 1987 3180 de

331 3231 470 3297 chiasme
494 3237 526 3296 et
545 3229 714 3316 anaphora.

433 3346 545 3413 Paucis
567 3347 673 3414 uerbis
697 3344 980 3432 comprehensurus
1004 3344 1079 3429 quid
1104 3345 1305 3411 statuendum
1322 3346 1400 3411 mihi
1421 3347 1563 3413 videatur
1584 3347 1624 3413 de
1643 3347 1831 3433 pronomine
1853 3368 1870 3413 e
1890 3347 1988 3413 verbo

331 3463 489 3549 pendente
510 3462 588 3528 haec
607 3463 698 3529 addo.
740 3460 935 3546 Pronomeu,
957 3463 985 3527 si
1008 3462 1070 3528 rim
1091 3461 1287 3547 nonhabet,
1308 3469 1362 3529 aut
1382 3464 1424 3529 ad
1443 3463 1526 3529 ahud
1547 3483 1740 3549 pronomen,
1767 3469 1821 3529 aut
1846 3465 1887 3529 ad
1914 3484 1988 3530 con·

327 3580 533 3662 junctionem,
554 3579 616 3644 aud
637 3579 677 3643 ad
698 3578 830 3661 quodvis
851 3578 936 3644 aliud
958 3577 1144 3645 vocabulum
1166 3599 1238 3646 eum
1260 3586 1390 3646 accentu
1410 3578 1525 3646 elatum
1547 3600 1582 3646 se
1604 3564 1759 3665 applicem
1779 3599 1820 3645 ex
1834 3580 1987 3647 infinitivo

333 3694 383 3761 uel
401 3695 568 3780 participio
589 3694 732 3779 pendens
754 3699 826 3758 ante
847 3693 978 3759 uerbum
999 3695 1200 3780 potissimum
1222 3694 1406 3777 collocatum
1427 3697 1454 3762 si
1476 3698 1541 3762 vim
1562 3695 1668 3780 hahet
1690 3715 1817 3783 semper
1833 3698 1901 3762 iere
1916 3703 1988 3764 ante

334 3811 464 3879 verbum
485 3810 656 3889 antecedit3
679 3815 788 3876 contra
809 3810 836 3875 si
856 3809 989 3875 uerbum
1010 3831 1082 3877 eum
1101 3811 1134 3877 ui
1156 3812 1293 3894 effertur,
1315 3811 1376 3877 hoc
1395 3811 1534 3896 priorem
1555 3812 1660 3878 locum
1681 3812 1812 3895 obtinet,
1835 3813 1901 3879 sive
1915 3834 1990 3899 pro·

334 3951 451 3996 nomen
476 3929 572 3998 hahet
597 3929 680 4012 um,
708 3927 775 3993 sive
801 3948 866 3994 non
893 3926 1002 3994 hahet:
1030 3935 1103 3994 sunt
1130 3929 1265 4013 denique
1292 3928 1446 4013 quaedam
1473 3927 1569 3995 rerba
1591 3927 1717 4014 quihus,
1739 3930 1801 3995 nisi
1823 3930 1988 4012 singularis

334 4066 429 4113 causa
450 4053 508 4128 est,
531 4064 659 4130 semper
678 4047 767 4129 prior
787 4043 875 4111 locus
897 4046 1082 4127 assignetur.
1402 4123 1407 4133 .

434 4161 514 4228 Eam
534 4159 638 4244 legem
660 4161 683 4227 ii
704 4182 826 4246 qnoque
846 4161 927 4246 loci,
953 4161 987 4226 in
1014 4160 1125 4245 quihus
1150 4178 1327 4246 pronomen
1349 4181 1366 4226 e
1385 4161 1529 4245 nomine,
1556 4161 1710 4244 adjectivo
1736 4161 1891 4242 maxime,
1918 4179 1987 4226 cum

335 4278 448 4365 copula
475 4278 655 4361 conjuncto,
681 4279 836 4363 pendeat,
864 4267 1043 4362 sequuntur.
1090 4275 1139 4342 Ac
1166 4277 1269 4363 primo
1296 4276 1423 4362 quidem
1454 4298 1632 4363 pronomen
1663 4297 1727 4344 non
1760 4296 1831 4343 cnm
1860 4285 1989 4344 accentu

336 4395 452 4462 elatum
472 4393 618 4461 adalind
640 4392 824 4461 vocabulum
847 4415 881 4460 se
896 4393 1043 4480 applicat,
1063 4413 1135 4459 raro
1159 4393 1200 4459 ad
1220 4392 1397 4479 pronomen
1418 4400 1471 4459 aut
1485 4394 1526 4459 ad
1540 4394 1800 4475 conjunctionem,
1821 4399 1856 4459 ut
1871 4397 1900 4478 l,
1914 4397 1989 4478 7,4:

336 4517 425 4589 οἴους
444 4510 522 4596 ἡμῖν
542 4506 705 4594 γνώσεσθε
725 4506 801 4584 τούς
821 4507 856 4573 ἐν
874 4514 913 4593 τῆ
933 4509 1022 4598 χώρη
1041 4507 1138 4587 ὄντας
1159 4506 1362 4593 ἀνθράπονς.
1383 4542 1425 4554 -·
1454 4511 1484 4590 4,
1504 4513 1534 4591 7,
1556 4512 1591 4575 7:
1612 4506 1708 4574 ἔνθεν
1726 4506 1805 4593 ἡμῖν
1824 4508 1942 4595 μικρόν
1960 4536 1990 4576 τι

335 4631 558 4715 παραδραμεῖν
578 4623 672 4692 ἔσται.
699 4660 740 4671 ·-
769 4627 805 4705 7,
826 4626 862 4707 2,
884 4627 939 4690 38:
972 4623 1048 4710 ὅπερ
1078 4624 1147 4709 ἐμοὶ
1171 4625 1340 4702 κάλλιστον
1366 4624 1484 4707 χωρίον
1511 4621 1574 4689 ἐστὶ
1602 4627 1668 4689 τῶν
1693 4623 1740 4690 ἐπὶ
1767 4624 1922 4712 θαλάττη.
1948 4664 1990 4675 -

338 4750 369 4828 2,
389 4747 419 4828 3,
440 4748 495 4812 20:
516 4745 570 4809 ἵνα
590 4765 644 4826 μοι
665 4736 917 4824 εὐπρακτότερον
936 4732 967 4825 ᾗ
988 4777 1032 4788 -
1054 4745 1083 4824 7,
1097 4744 1127 4822 7,
1141 4740 1196 4804 43:
1219 4737 1268 4804 ότι
1289 4756 1339 4804 σοι
1360 4736 1396 4803 ἐκ
1413 4741 1469 4822 τῆς
1489 4742 1593 4824 ψυχῆς
1612 4741 1706 4823 φλλος
1725 4732 1776 4826 ἦν.
1791 4778 1833 4790 -
1849 4747 1878 4826 7,
1892 4745 1989 4825 6‚44:

337 4858 453 4944 πότερά
473 4860 506 4925 ολ
524 4864 610 4949 λῷον
629 4857 684 4924 καὶ
703 4857 835 4943 άμεινον
855 4856 914 4942 εἴη.
943 4891 985 4904 -·
1012 4857 1137 4941 saepius
1162 4853 1203 4919 ad
1229 4852 1314 4920 aliud
1339 4854 1525 4922 vocabulum
1555 4876 1627 4923 cum
1653 4865 1783 4924 accentu
1805 4857 1934 4940 elatum,
1957 4867 1992 4924 ut

338 4981 368 5058 2,
392 4982 420 5059 1,
442 4976 496 5040 12:
517 4979 589 5056 νῦν,
610 4971 655 5052 ἀς
677 4971 718 5041 ori
739 4972 827 5065 δρᾷς,
848 4969 925 5058 ἡμῖν
945 4970 1041 5039 οὐδὲν
1061 4969 1146 5037 ἔστιν
1166 4966 1295 5056 ἀγαθόν
1315 4965 1405 5050 arro,
1426 4971 1546 5039 inserto
1569 4968 1613 5050 ὥς
1634 4970 1674 5040 esi
1695 4969 1783 5061 ὁρᾷς.
1804 5009 1846 5020 -
1866 4976 1897 5056 ’2,
1911 4976 1942 5057 4,
1956 4979 1990 5040 6:

1264 5107 1269 5118 .
1788 5089 1818 5142 3.
