4800 5867
1269 679 1311 746 28
1455 757 1461 766 ,

443 875 446 882 “
550 863 626 933 ·Sod
653 842 817 946 genetivus
842 858 1040 948 pronominis
1069 860 1166 928 etism
1189 860 1231 928 iis
1256 859 1336 956 loeis
1362 858 1475 947 ominus
1501 878 1542 926 ex
1569 857 1631 927 tiio
1657 860 1784 928 nomino
1805 861 1939 949 pendet,
1965 863 2027 931 nisi
2053 865 2118 932 vim

461 982 572 1064 iubet,
597 979 759 1047 rarissime
778 984 859 1045 tute
882 975 944 1045 hoe
968 995 1087 1044 nomen
1113 976 1239 1062 iegitur.
1280 976 1393 1046 Series
1418 975 1553 1062 legimus
1579 975 1759 1060 genetivum
1785 979 1969 1063 partitivum
1995 969 2118 1048 rnmvi

461 1097 578 1166 elutum
599 1102 673 1163 unte
692 1095 979 1178 αοιαοα1,6,93
1004 1089 1227 1178 ipsissimi
1251 1096 1385 1179 κρότος.
1406 1131 1449 1144 -
1471 1097 1505 1177 1,
1527 1096 1563 1178 7,
1584 1096 1619 1162 73
1638 1086 1732 1178 ipris
1751 1090 1787 1160 13
1806 1087 2120 1182 sirmiensem

461 1190 621 1299 στέφανον
645 1209 767 1299 ἑκάστῳ
794 1211 937 1295 χρυσοῦν
962 1207 1065 1278 osium.
1096 1246 1141 1259 -·
1173 1210 1267 1294 3,1,
1291 1213 1345 1278 163
1376 1205 1469 1297 ἡμόν
1493 1210 1523 1276 8*
1543 1204 1651 1287 οὐδεὶς
1675 1206 1772 1277 oritis
1798 1206 2052 1295 ἀντεπιμελεῖται
2078 1248 2121 1260 -··

460 1335 492 1414 5,
513 1334 544 1413 7,
568 1321 989 1412 133ιια111μῶντινες.-
1015 1329 1046 1409 5,
1066 1330 1097 1410 7,
1118 1327 1174 1393 323
1200 1316 1285 1412 ἦσαν
1399 1325 1453 1392 ταὶ
1474 1320 1567 1412 hume
1586 1327 1621 1392 οἳ
1640 1323 1774 1393 ἔδαισαν.
1794 1361 1837 1375 ·-
1862 1330 1899 1412 6,
1919 1330 1955 1411 6,
1975 1329 2034 1395 203
2059 1328 2121 1395 εἶτα

460 1437 523 1513 οὖν
541 1440 635 1531 ἡμῶν
653 1465 727 1509 τινα
748 1443 842 1533 αἰτιᾷ.
868 1478 910 1492 ·-
936 1442 985 1510 bis
1011 1442 1081 1509 sino
1109 1441 1140 1510 vi
1165 1442 1306 1529 positum
1331 1461 1508 1528 pronomen
1535 1461 1571 1508 se
1592 1441 1730 1529 uppliout
1755 1443 1796 1510 ed
1816 1442 1902 1512 eliud
1921 1442 2119 1526 vocobulum,

465 1567 493 1645 l,
514 1565 545 1644 7,
565 1562 601 1627 43
623 1555 687 1646 tyni
705 1553 799 1645 ὑμῶν
817 1558 876 1627 τὸν
896 1554 1086 1628 ...ἀπιέναι
1106 1554 1306 1644 βουλόμενον
1324 1594 1420 1626 ...-.
1453 1555 1686 1642 5,1,1833α1
1705 1559 1795 1625 λείαν
1812 1554 1876 1646 peip
1896 1553 1990 1644 ὑμῶν
2009 1557 2120 1644 tuop-

461 1676 610 1746 srioovvoet
628 1696 721 1753 τινες.
746 1712 789 1724 -
818 1674 959 1761 Reliquis
983 1673 1063 1743 loeis
1089 1674 1236 1742 omnibus
1262 1694 1439 1762 pronomen
1465 1655 1611 1760 sequen
1624 1672 1810 1760 plerumque
1830 1677 1900 1743 sine
1920 1676 1952 1741 vi
1981 1680 2010 1760 1,
2031 1682 2061 1759 3,
2082 1681 2120 1743 53

460 1793 571 1881 ppo,
588 1788 691 1878 opst.
713 1827 755 1841 -
776 1792 807 1877 s,
823 1795 852 1877 1,
867 1794 925 1858 ιιι
946 1787 1092 1876 σωότεροι
1105 1787 1150 1858 οι
1162 1786 1264 1877 ἡμῶν.
1277 1826 1320 1839 -
1340 1791 1371 1874 o,
1384 1794 1413 1874 1,
1427 1792 1485 1858 αι
1505 1787 1565 1868 (ος
1584 1786 1644 1876 μιν
1663 1786 1871 1876 notem
1889 1788 2120 1876 novumn
2185 1767 2191 1780 ‘

460 1909 562 1999 ἡμῶν.
582 1947 625 1959 -
646 1912 677 1992 3,
697 1911 729 1994 2,
751 1910 805 1976 183
829 1908 857 1974 εἰ
876 1904 912 1974 δέ
932 1930 980 1985 τις
1000 1903 1093 1993 ὑμῶν
1112 1904 1242 1993 ἀθυμεῖ.
1264 1943 1306 1955 -
1330 1908 1367 1992 2,
1387 1910 1423 1991 5,
1446 1909 1500 1976 183
1520 1901 1652 1985 ὁπόσοις
1671 1903 1715 1973 ἂν
1733 1903 1828 1993 ὁμοῖν
1846 1906 2041 1994 βουλοίμεθα
2060 1906 2121 1992 μά·

461 2036 583 2114 peotes
609 2063 649 2074 —
678 2026 709 2109 3,
730 2027 761 2107 2,
783 2025 839 2092 283
865 2018 910 2101 ὥς
929 2027 1070 2091 πλεῖστοι
1165 2019 1267 2109 ἡμῶν.
1291 2059 1335 2074 -·
1358 2024 1394 2106 3,
1414 2025 1451 2108 2,
1471 2023 1531 2089 313
1552 2018 1612 2089 τὸν
1631 2020 1680 2089 ἀεὶ
1699 2018 1793 2108 ὖμὸν
1812 2021 2056 2111 έντνγχοένοντα.
2078 2057 2120 2072 -

462 2148 493 2228 3,
512 2146 543 2227 2,
563 2144 621 2209 393
642 2138 730 2217 ὅστις
749 2136 851 2225 ὑμῶν.
871 2175 914 2186 -
935 2142 966 2224 4,
987 2141 1019 2225 8,
1040 2142 1095 2206 123
1115 2141 1149 2207 oi
1165 2137 1328 2226 κράτιστοι
1346 2135 1448 2224 ἡμῶν.
1469 2173 1511 2187 -
1531 2141 1563 2222 5,
1584 2141 1615 2224 5,
1635 2141 1692 2208 203
1712 2140 1746 2207 οἱ
1763 2137 1939 2226 κάμνοντες
1957 2137 2058 2227 ἡμῶν.
2078 2176 2120 2190 -

462 2264 494 2345 5,
516 2263 546 2343 7,
567 2261 624 2325 113
646 2257 674 2323 εἰ
693 2253 729 2322 δέ
749 2278 798 2333 τις
816 2251 911 2341 ὑμῶν
930 2255 1039 2323 οῐοιαι.
1059 2291 1103 2304 -
1122 2259 1153 2339 5,
1174 2260 1206 2338 7,
1229 2257 1283 2321 143
1304 2252 1414 2322 οὐθενὶ
1433 2249 1527 2341 ἡμῶν
1546 2250 1652 2323 αἰτόν.
1672 2290 1715 2303 -
1737 2260 1769 2340 5,
1790 2260 1821 2339 7,
1841 2258 1897 2324 283
1918 2254 1959 2324 ὃν
1972 2252 2121 2342 &eripuis

461 2372 567 2461 ἐθέλῃ.
594 2410 636 2420 -
662 2376 698 2457 5,
719 2374 757 2458 8,
777 2374 834 2439 253
861 2372 890 2438 sl
909 2368 968 2457 μέν
986 2394 1050 2438 τινι
1069 2366 1163 2456 ὑμῶν
1181 2367 1384 2456 ἀπηχθόμην.
1409 2405 1452 2419 -
1478 2373 1515 2454 6,
1535 2372 1571 2455 6,
1594 2374 1650 2437 173
1677 2368 1777 2438 ἄλλον
1800 2367 1895 2458 ὑμῶν
1920 2371 2052 2459 podiva.
2080 2408 2122 2420 —

462 2493 537 2576 7,2,
550 2492 605 2557 133
626 2490 655 2556 εἰ
674 2473 801 2555 δέ”τινα
818 2485 912 2573 ὑμῶν
931 2484 1082 2574 λήσομαι.
1103 2523 1147 2536 -
1166 2493 1197 2572 7,
1211 2489 1242 2571 3,
1256 2490 1314 2556 473
1333 2482 1520 2571 καταμένειν
1538 2481 1629 2563 τινὰς
1648 2481 1749 2572 ἡμῶν.
1762 2522 1803 2536 -
1825 2492 1857 2572 7,
1870 2491 1901 2573 6,
1916 2492 1935 2554 7
1944 2509 1952 2555 3
1970 2486 2121 2574 δαρεικὸν

462 2606 593 2684 ἕκαστος
613 2606 693 2672 οἴσει
712 2607 771 2671 τοῦ
791 2601 893 2689 μηνὸς
911 2601 1013 2688 ὑμῶν.
1033 2640 1075 2652 -
1097 2602 1196 2671 semei
1217 2604 1313 2671 otium
1333 2623 1405 2672 oum
1425 2603 1457 2670 vi
1483 2606 1514 2685 5,
1535 2603 1566 2687 8,
1587 2603 1624 2671 83
1645 2599 1696 2669 ὅτι
1715 2597 1761 2681 εἷς
1779 2600 1874 2690 ἡμῶν
1892 2604 1952 2690 εἴη.
1974 2639 2009 2653 -

563 2721 644 2790 Item
665 2721 829 2805 genetivus
850 2719 1052 2807 possessivus
1072 2726 1147 2806 poet
1166 2739 1285 2787 nomen
1305 2718 1475 2787 oollooetnr
1500 2719 1536 2800 3,
1557 2720 1594 2802 2,
1614 2720 1671 2787 293
1698 2716 1776 2798 τοὺς
1800 2717 1997 2805 στοατιῃοὺς
2019 2717 2120 2804 ἡμῶν.

463 2842 494 2923 3,
515 2841 546 2922 3,
569 2842 623 2907 163
644 2836 680 2904 ἐν
699 2839 744 2925 τῷ
765 2834 975 2923 στρατεύματι
993 2833 1097 2923 ἡμῶν.
1117 2871 1160 2888 -
1186 2840 1222 2921 5,
1242 2840 1281 2921 4,
1301 2840 1338 2903 93
1365 2832 1525 2920 σύμμαχα
1545 2828 1646 2919 ὑμῶν.
1670 2871 1700 2881 -
1735 2839 1771 2921 5,
1791 2837 1827 2920 8,
1849 2838 1905 2903 273
1933 2838 1974 2922 τῇ
1993 2835 2122 2915 πατρίδι

463 2978 536 3037 μου.
559 2991 601 3002 -
628 2956 658 3038 6,
677 2955 708 3036 6,
731 2954 786 3019 123
813 2953 850 3018 ui
866 2951 974 3029 πόλεις
992 2948 1093 3037 ἡμῶν.
1120 2988 1164 3002 -
1189 2955 1220 3035 7,
1242 2953 1273 3034 3,
1295 2953 1352 3019 353
1376 2951 1410 3018 οἱ
1427 2947 1571 3036 πολέμιοι
1590 2946 1692 3037 ἡμῶν.
1717 2989 1760 3001 -
1786 2951 1885 3019 semul
1906 2957 2029 3020 uotum
2048 2957 2121 3017 ante

464 3089 580 3136 nomen
600 3066 774 3156 opplioatus
801 3068 842 3135 td
864 3064 1050 3137 vocabulum
1071 3065 1267 3154 praecedens
1293 3086 1365 3135 eum
1392 3073 1523 3134 sooentn
1546 3065 1680 3133 elutum:
1707 3069 1745 3150 4,
1765 3068 1804 3149 8,
1827 3070 1880 3133 ll:
1907 3066 2121 3151 εὶσιαιιοιιείη

463 3180 753 3270 teutonos
781 3221 823 3232 -
2093 3179 2096 3184 ’

564 3299 644 3369 Item
665 3301 829 3385 genetivus
850 3307 925 3386 post
943 3297 1043 3386 μέσον
1064 3298 1249 3368 σο11οσσ11113
1270 3299 1301 3382 2,
1315 3298 1347 3382 2,
1360 3299 1396 3365 33
1417 3294 1454 3364 έν
1472 3294 1558 3388 μέσῳ
1571 3292 1665 3384 ἡμῶν
1676 3295 1732 3365 καὶ
1743 3293 1906 3382 βασιλέως.
1920 3331 1962 3345 -
1976 3299 2008 3380 5,
2021 3297 2052 3380 2,
2065 3297 2122 3363 263

465 3418 509 3494 εἰς
529 3414 565 3484 τὸ
585 3413 684 3502 μέσον
704 3414 830 3485 ἑαυτῶν
850 3414 904 3484 καὶ
923 3419 989 3483 τῶν
1008 3416 1176 3502 πολεμίων.
1197 3451 1239 3462 -
