<?xml version="1.0" encoding="UTF-8"?>
<!DOCTYPE html PUBLIC "-//W3C//DTD XHTML 1.0 Transitional//EN"
    "http://www.w3.org/TR/xhtml1/DTD/xhtml1-transitional.dtd">
<html xmlns="http://www.w3.org/1999/xhtml" xml:lang="en" lang="en">
 <head>
  <title>
</title>
<meta http-equiv="Content-Type" content="text/html;charset=utf-8" />
  <meta name='ocr-system' content='tesseract 3.04.00' />
  <meta name='ocr-capabilities' content='ocr_page ocr_carea ocr_par ocr_line ocrx_word'/>
</head>
<body>
  <div class='ocr_page' id='page_1' title='image "./depronominisper00biergoog/depronominisper00biergoog_0015.png"; bbox 0 0 4800 5867; ppageno 0'>
   <div class='ocr_carea' id='block_1_1' title="bbox 1131 526 1151 589">
    <p class='ocr_par' dir='ltr' id='par_1_1' title="bbox 1131 526 1151 589">
     <span class='ocr_line' id='line_1_1' title="bbox 1131 526 1151 589; baseline 0 0"><span class='ocrx_word' id='word_1_1' title='bbox 1131 526 1151 589; x_wconf 98' lang='grc'>9</span> 
     </span>
    </p>
   </div>
   <div class='ocr_carea' id='block_1_2' title="bbox 309 677 1975 1025">
    <p class='ocr_par' dir='ltr' id='par_1_2' title="bbox 309 677 1975 1025">
     <span class='ocr_line' id='line_1_2' title="bbox 312 677 1975 808; baseline 0.001 -34"><span class='ocrx_word' id='word_1_2' title='bbox 312 711 343 791; x_wconf 88' lang='lat'><strong><em>5,</em></strong></span> <span class='ocrx_word' id='word_1_3' title='bbox 355 711 429 793; x_wconf 85' lang='lat'><strong>7,9:</strong></span> <span class='ocrx_word' id='word_1_4' title='bbox 449 705 504 774; x_wconf 76' lang='grc' dir='ltr'><strong><em>καὶ</em></strong></span> <span class='ocrx_word' id='word_1_5' title='bbox 524 703 584 792; x_wconf 69' lang='grc' dir='ltr'><strong><em>ἐμοὶ</em></strong></span> <span class='ocrx_word' id='word_1_6' title='bbox 606 702 665 791; x_wconf 63' lang='grc' dir='ltr'><strong><em>μὲν</em></strong></span> <span class='ocrx_word' id='word_1_7' title='bbox 685 677 793 789; x_wconf 73' lang='grc' dir='ltr'><strong><em>ἔσομαι</em></strong></span> <span class='ocrx_word' id='word_1_8' title='bbox 816 699 1050 808; x_wconf 77' lang='grc' dir='ltr'><strong><em>ὑίξητατηκώς</em></strong></span> <span class='ocrx_word' id='word_1_9' title='bbox 1070 698 1125 788; x_wconf 87' lang='grc' dir='ltr'><strong><em>είς,</em></strong></span> <span class='ocrx_word' id='word_1_10' title='bbox 1144 700 1236 789; x_wconf 90' lang='grc' dir='ltr'><strong><em>ὑμεῖς</em></strong></span> <span class='ocrx_word' id='word_1_11' title='bbox 1258 702 1294 771; x_wconf 79' lang='grc' dir='ltr'><strong><em>δὲ</em></strong></span> <span class='ocrx_word' id='word_1_12' title='bbox 1316 706 1349 772; x_wconf 82' lang='lat' dir='ltr'><strong><em>ol</em></strong></span> <span class='ocrx_word' id='word_1_13' title='bbox 1367 702 1591 791; x_wconf 70' lang='grc' dir='ltr'><strong><em>ἐξηπατημένοι</em></strong></span> <span class='ocrx_word' id='word_1_14' title='bbox 1605 702 1700 790; x_wconf 72' lang='grc' dir='ltr'><strong><em>ἐγγύς</em></strong></span> <span class='ocrx_word' id='word_1_15' title='bbox 1713 683 1839 790; x_wconf 81' lang='grc' dir='ltr'><strong><em>μυρίων</em></strong></span> <span class='ocrx_word' id='word_1_16' title='bbox 1852 706 1975 794; x_wconf 73' lang='grc' dir='ltr'><strong><em>ἔχοντες</em></strong></span> 
     </span>
     <span class='ocr_line' id='line_1_3' title="bbox 311 820 1973 924; baseline 0.001 -34"><span class='ocrx_word' id='word_1_17' title='bbox 311 821 405 904; x_wconf 76' lang='grc' dir='ltr'><strong><em>ὅπλα,</em></strong></span> <span class='ocrx_word' id='word_1_18' title='bbox 426 843 488 909; x_wconf 88' lang='lat' dir='ltr'><strong><em>qno</em></strong></span> <span class='ocrx_word' id='word_1_19' title='bbox 508 822 582 890; x_wconf 90' lang='lat' dir='ltr'><strong>loco</strong></span> <span class='ocrx_word' id='word_1_20' title='bbox 603 821 777 908; x_wconf 76' lang='lat' dir='ltr'><strong>participiis</strong></span> <span class='ocrx_word' id='word_1_21' title='bbox 798 820 914 924; x_wconf 81' lang='lat' dir='ltr'><strong>additis</strong></span> <span class='ocrx_word' id='word_1_22' title='bbox 937 825 1069 902; x_wconf 81' lang='lat' dir='ltr'><strong>augetur</strong></span> <span class='ocrx_word' id='word_1_23' title='bbox 1090 820 1137 890; x_wconf 86' lang='lat' dir='ltr'><strong><em>vis</em></strong></span> <span class='ocrx_word' id='word_1_24' title='bbox 1158 821 1379 907; x_wconf 88' lang='lat' dir='ltr'><strong>oppositionis,</strong></span> <span class='ocrx_word' id='word_1_25' title='bbox 1402 822 1487 907; x_wconf 89' lang='lat' dir='ltr'><strong>quod</strong></span> <span class='ocrx_word' id='word_1_26' title='bbox 1507 822 1594 887; x_wconf 91' lang='lat' dir='ltr'><strong>idem</strong></span> <span class='ocrx_word' id='word_1_27' title='bbox 1613 822 1650 888; x_wconf 87' lang='lat' dir='ltr'><strong><em>lit</em></strong></span> <span class='ocrx_word' id='word_1_28' title='bbox 1669 823 1702 890; x_wconf 94' lang='lat' dir='ltr'><strong><em>in</em></strong></span> <span class='ocrx_word' id='word_1_29' title='bbox 1723 822 1793 890; x_wconf 91' lang='lat' dir='ltr'><strong>loco</strong></span> <span class='ocrx_word' id='word_1_30' title='bbox 1816 827 1845 907; x_wconf 84' lang='lat'><strong><em>5,</em></strong></span> <span class='ocrx_word' id='word_1_31' title='bbox 1866 829 1895 907; x_wconf 89' lang='lat'><strong><em>7,</em></strong></span> <span class='ocrx_word' id='word_1_32' title='bbox 1917 828 1973 892; x_wconf 82' lang='lat'><strong><em>27:</em></strong></span> 
     </span>
     <span class='ocr_line' id='line_1_4' title="bbox 309 933 1972 1025; baseline -0.001 -20"><span class='ocrx_word' id='word_1_33' title='bbox 309 936 400 1023; x_wconf 89' lang='grc' dir='ltr'><strong><em>ὑμεῖς</em></strong></span> <span class='ocrx_word' id='word_1_34' title='bbox 423 938 483 1024; x_wconf 77' lang='grc' dir='ltr'><strong><em>μὲν</em></strong></span> <span class='ocrx_word' id='word_1_35' title='bbox 507 938 541 1006; x_wconf 83' lang='lat' dir='ltr'><strong><em>oi</em></strong></span> <span class='ocrx_word' id='word_1_36' title='bbox 564 936 679 1014; x_wconf 78' lang='grc' dir='ltr'><strong><em>πάντες</em></strong></span> <span class='ocrx_word' id='word_1_37' title='bbox 707 933 767 1004; x_wconf 88' lang='grc' dir='ltr'><strong><em>ούιι</em></strong></span> <span class='ocrx_word' id='word_1_38' title='bbox 793 934 902 1003; x_wconf 76' lang='grc' dir='ltr'><strong><em>ἔσεσθε</em></strong></span> <span class='ocrx_word' id='word_1_39' title='bbox 928 933 1126 1022; x_wconf 82' lang='grc' dir='ltr'><strong><em>κύριοι</em></strong></span> <span class='ocrx_word' id='word_1_40' title='bbox 1161 937 1227 1025; x_wconf 68' lang='lat' dir='ltr'><strong>cosp</strong></span> <span class='ocrx_word' id='word_1_41' title='bbox 1253 933 1314 1003; x_wconf 71' lang='grc' dir='ltr'><strong><em>δ’ὁ</em></strong></span> <span class='ocrx_word' id='word_1_42' title='bbox 1340 934 1536 1023; x_wconf 86' lang='grc' dir='ltr'><strong><em>βουλόμενος</em></strong></span> <span class='ocrx_word' id='word_1_43' title='bbox 1561 935 1628 1018; x_wconf 80' lang='grc' dir='ltr'><strong><em>ἄξει</em></strong></span> <span class='ocrx_word' id='word_1_44' title='bbox 1655 936 1834 1024; x_wconf 89' lang='grc' dir='ltr'><strong><em>στριίτενμα</em></strong></span> <span class='ocrx_word' id='word_1_45' title='bbox 1859 990 1972 1021; x_wconf 87' lang='grc'><strong>........</strong></span> 
     </span>
    </p>
   </div>
   <div class='ocr_carea' id='block_1_3' title="bbox 306 1048 1973 2647">
    <p class='ocr_par' dir='ltr' id='par_1_3' title="bbox 306 1048 1973 2303">
     <span class='ocr_line' id='line_1_5' title="bbox 310 1048 1919 1141; baseline 0.002 -19"><span class='ocrx_word' id='word_1_46' title='bbox 310 1055 426 1126; x_wconf 78' lang='lat' dir='ltr'><strong>audibo</strong></span> <span class='ocrx_word' id='word_1_47' title='bbox 444 1054 550 1122; x_wconf 81' lang='lat' dir='ltr'><strong>verbis</strong></span> <span class='ocrx_word' id='word_1_48' title='bbox 569 1056 604 1120; x_wconf 88' lang='grc' dir='ltr'><strong><em>οί</em></strong></span> <span class='ocrx_word' id='word_1_49' title='bbox 622 1050 737 1130; x_wconf 78' lang='grc' dir='ltr'><strong><em>πάντες</em></strong></span> <span class='ocrx_word' id='word_1_50' title='bbox 752 1059 783 1122; x_wconf 81' lang='lat' dir='ltr'><strong><em>et</em></strong></span> <span class='ocrx_word' id='word_1_51' title='bbox 797 1053 864 1140; x_wconf 77' lang='grc' dir='ltr'><strong><em>ίὺίςι</em></strong></span> <span class='ocrx_word' id='word_1_52' title='bbox 888 1087 930 1100; x_wconf 93' lang='lat'>-</span> <span class='ocrx_word' id='word_1_53' title='bbox 945 1055 975 1133; x_wconf 88' lang='lat'><strong><em>6,</em></strong></span> <span class='ocrx_word' id='word_1_54' title='bbox 988 1054 1019 1136; x_wconf 89' lang='lat'><strong><em>6,</em></strong></span> <span class='ocrx_word' id='word_1_55' title='bbox 1033 1054 1087 1118; x_wconf 82' lang='lat'><strong><em>18:</em></strong></span> <span class='ocrx_word' id='word_1_56' title='bbox 1108 1050 1162 1118; x_wconf 75' lang='lat' dir='ltr'><strong><em>sul</em></strong></span> <span class='ocrx_word' id='word_1_57' title='bbox 1183 1048 1274 1134; x_wconf 81' lang='grc' dir='ltr'><strong><em>ὑμεῖς</em></strong></span> <span class='ocrx_word' id='word_1_58' title='bbox 1292 1050 1351 1136; x_wconf 79' lang='grc' dir='ltr'><strong><em>μὲν</em></strong></span> <span class='ocrx_word' id='word_1_59' title='bbox 1370 1050 1414 1139; x_wconf 80' lang='grc' dir='ltr'><strong><em>μή</em></strong></span> <span class='ocrx_word' id='word_1_60' title='bbox 1436 1051 1549 1119; x_wconf 80' lang='grc' dir='ltr'><strong><em>ἐκδῶτέ</em></strong></span> <span class='ocrx_word' id='word_1_61' title='bbox 1569 1073 1621 1138; x_wconf 84' lang='grc' dir='ltr'><strong><em>με·</em></strong></span> <span class='ocrx_word' id='word_1_62' title='bbox 1644 1053 1706 1139; x_wconf 69' lang='grc' dir='ltr'><strong><em>ἐγώ</em></strong></span> <span class='ocrx_word' id='word_1_63' title='bbox 1725 1055 1759 1122; x_wconf 81' lang='grc' dir='ltr'><strong><em>ὑὲ</em></strong></span> <span class='ocrx_word' id='word_1_64' title='bbox 1780 1053 1972 1141; x_wconf 76' lang='grc' dir='ltr'><strong><em>ἐμαυτὸν</em></strong></span> 
     </span>
     <span class='ocr_line' id='line_1_6' title="bbox 308 1164 1973 1257; baseline 0.002 -20"><span class='ocrx_word' id='word_1_65' title='bbox 308 1168 504 1255; x_wconf 70' lang='grc' dir='ltr'><strong><em>παρασχήσω</em></strong></span> <span class='ocrx_word' id='word_1_66' title='bbox 524 1206 636 1238; x_wconf 92' lang='grc'><strong><em>...-.</em></strong></span> <span class='ocrx_word' id='word_1_67' title='bbox 665 1173 695 1252; x_wconf 87' lang='grc'><strong><em>7,</em></strong></span> <span class='ocrx_word' id='word_1_68' title='bbox 721 1174 748 1251; x_wconf 96' lang='grc'><strong>1,</strong></span> <span class='ocrx_word' id='word_1_69' title='bbox 770 1173 806 1236; x_wconf 84' lang='lat'><strong><em>9:</em></strong></span> <span class='ocrx_word' id='word_1_70' title='bbox 824 1166 907 1232; x_wconf 76' lang='grc' dir='ltr'><strong><em>Ἀλλ’</em></strong></span> <span class='ocrx_word' id='word_1_71' title='bbox 930 1168 1032 1243; x_wconf 83' lang='grc' dir='ltr'><strong><em>αἴτιος</em></strong></span> <span class='ocrx_word' id='word_1_72' title='bbox 1052 1164 1111 1250; x_wconf 80' lang='grc' dir='ltr'><strong><em>μὲν</em></strong></span> <span class='ocrx_word' id='word_1_73' title='bbox 1134 1164 1233 1252; x_wconf 81' lang='grc' dir='ltr'><strong><em>ἔμοιγε</em></strong></span> <span class='ocrx_word' id='word_1_74' title='bbox 1254 1167 1315 1235; x_wconf 87' lang='grc' dir='ltr'><strong><em>ούκ</em></strong></span> <span class='ocrx_word' id='word_1_75' title='bbox 1336 1168 1397 1254; x_wconf 78' lang='lat' dir='ltr'><strong>sipi</strong></span> <span class='ocrx_word' id='word_1_76' title='bbox 1417 1167 1542 1249; x_wconf 88' lang='grc' dir='ltr'><strong><em>τούτου,</em></strong></span> <span class='ocrx_word' id='word_1_77' title='bbox 1564 1171 1597 1236; x_wconf 82' lang='lat' dir='ltr'><strong><em>oi</em></strong></span> <span class='ocrx_word' id='word_1_78' title='bbox 1615 1168 1650 1237; x_wconf 72' lang='lat' dir='ltr'><strong><em>ot</em></strong></span> <span class='ocrx_word' id='word_1_79' title='bbox 1672 1177 1861 1257; x_wconf 82' lang='grc' dir='ltr'><strong><em>στρατιῶται</em></strong></span> <span class='ocrx_word' id='word_1_80' title='bbox 1882 1172 1973 1241; x_wconf 83' lang='grc' dir='ltr'><strong><em>αύτοὶ</em></strong></span> 
     </span>
     <span class='ocr_line' id='line_1_7' title="bbox 311 1279 1971 1376; baseline 0.005 -25"><span class='ocrx_word' id='word_1_81' title='bbox 311 1322 416 1354; x_wconf 88' lang='grc'><strong><em>.....-</em></strong></span> <span class='ocrx_word' id='word_1_82' title='bbox 439 1291 468 1370; x_wconf 95' lang='grc'><strong><em>7,</em></strong></span> <span class='ocrx_word' id='word_1_83' title='bbox 483 1288 514 1370; x_wconf 96' lang='grc'><strong>2,</strong></span> <span class='ocrx_word' id='word_1_84' title='bbox 536 1287 591 1354; x_wconf 83' lang='grc'><strong><em>13;</em></strong></span> <span class='ocrx_word' id='word_1_85' title='bbox 611 1282 788 1369; x_wconf 67' lang='grc' dir='ltr'><strong><em>Ἀναξίβιος</em></strong></span> <span class='ocrx_word' id='word_1_86' title='bbox 808 1281 867 1368; x_wconf 80' lang='grc' dir='ltr'><strong><em>μὲν</em></strong></span> <span class='ocrx_word' id='word_1_87' title='bbox 886 1284 998 1348; x_wconf 87' lang='grc' dir='ltr'><strong><em>τοίνυν</em></strong></span> <span class='ocrx_word' id='word_1_88' title='bbox 1020 1279 1125 1349; x_wconf 81' lang='grc' dir='ltr'><strong><em>ούκὲτι</em></strong></span> <span class='ocrx_word' id='word_1_89' title='bbox 1145 1281 1317 1368; x_wconf 75' lang='grc' dir='ltr'><strong><em>ναύαρχος,</em></strong></span> <span class='ocrx_word' id='word_1_90' title='bbox 1339 1284 1401 1369; x_wconf 76' lang='grc' dir='ltr'><strong><em>ἐγώ</em></strong></span> <span class='ocrx_word' id='word_1_91' title='bbox 1422 1283 1458 1351; x_wconf 75' lang='grc' dir='ltr'><strong><em>δὲ</em></strong></span> <span class='ocrx_word' id='word_1_92' title='bbox 1479 1288 1554 1372; x_wconf 72' lang='lat' dir='ltr'><strong>apris</strong></span> <span class='ocrx_word' id='word_1_93' title='bbox 1575 1283 1745 1372; x_wconf 80' lang='grc' dir='ltr'><strong><em>ἁρμοστής.</em></strong></span> <span class='ocrx_word' id='word_1_94' title='bbox 1764 1326 1806 1338; x_wconf 90' lang='lat'><strong><em>--</em></strong></span> <span class='ocrx_word' id='word_1_95' title='bbox 1827 1295 1857 1373; x_wconf 94' lang='lat'><strong><em>7,</em></strong></span> <span class='ocrx_word' id='word_1_96' title='bbox 1872 1294 1902 1376; x_wconf 92' lang='grc'><strong>2,</strong></span> <span class='ocrx_word' id='word_1_97' title='bbox 1917 1295 1971 1360; x_wconf 78' lang='lat'><strong><em>32:</em></strong></span> 
     </span>
     <span class='ocr_line' id='line_1_8' title="bbox 306 1396 1972 1491; baseline 0.002 -22"><span class='ocrx_word' id='word_1_98' title='bbox 306 1399 453 1487; x_wconf 71' lang='lat' dir='ltr'><strong>rixacrip</strong></span> <span class='ocrx_word' id='word_1_99' title='bbox 475 1399 572 1478; x_wconf 80' lang='grc' dir='ltr'><strong><em>αὐτὸς</em></strong></span> <span class='ocrx_word' id='word_1_100' title='bbox 592 1399 650 1487; x_wconf 79' lang='grc' dir='ltr'><strong><em>μὲν</em></strong></span> <span class='ocrx_word' id='word_1_101' title='bbox 670 1398 868 1485; x_wconf 74' lang='grc' dir='ltr'><strong><em>ἀποθνήσκει</em></strong></span> <span class='ocrx_word' id='word_1_102' title='bbox 890 1400 986 1489; x_wconf 80' lang='grc' dir='ltr'><strong><em>νόσῳ,</em></strong></span> <span class='ocrx_word' id='word_1_103' title='bbox 1008 1397 1069 1484; x_wconf 68' lang='grc' dir='ltr'><strong><em>ἐμοὶ</em></strong></span> <span class='ocrx_word' id='word_1_104' title='bbox 1092 1399 1119 1464; x_wconf 78' lang='grc' dir='ltr'><strong><em>δ’</em></strong></span> <span class='ocrx_word' id='word_1_105' title='bbox 1132 1396 1307 1485; x_wconf 76' lang='grc' dir='ltr'><strong><em>ἐξετράφην</em></strong></span> <span class='ocrx_word' id='word_1_106' title='bbox 1320 1437 1422 1467; x_wconf 80' lang='grc'><strong><em>...-.</em></strong></span> <span class='ocrx_word' id='word_1_107' title='bbox 1450 1405 1481 1484; x_wconf 88' lang='grc'><strong><em>7,</em></strong></span> <span class='ocrx_word' id='word_1_108' title='bbox 1502 1404 1532 1484; x_wconf 98' lang='grc'><strong>3,</strong></span> <span class='ocrx_word' id='word_1_109' title='bbox 1554 1406 1609 1468; x_wconf 86' lang='lat'><strong><em>41:</em></strong></span> <span class='ocrx_word' id='word_1_110' title='bbox 1632 1400 1700 1468; x_wconf 77' lang='grc' dir='ltr'><strong><em>ἀλλ’</em></strong></span> <span class='ocrx_word' id='word_1_111' title='bbox 1722 1400 1813 1488; x_wconf 85' lang='grc' dir='ltr'><strong><em>ὑμεῖς</em></strong></span> <span class='ocrx_word' id='word_1_112' title='bbox 1832 1405 1892 1491; x_wconf 81' lang='grc' dir='ltr'><strong><em>μὲν</em></strong></span> <span class='ocrx_word' id='word_1_113' title='bbox 1912 1432 1972 1473; x_wconf 84' lang='grc' dir='ltr'><strong><em>πα·</em></strong></span> 
     </span>
     <span class='ocr_line' id='line_1_9' title="bbox 312 1513 1972 1610; baseline 0.005 -27"><span class='ocrx_word' id='word_1_114' title='bbox 312 1517 459 1602; x_wconf 83' lang='grc' dir='ltr'><strong><em>ραμῖνετε</em></strong></span> <span class='ocrx_word' id='word_1_115' title='bbox 480 1516 580 1586; x_wconf 86' lang='grc' dir='ltr'><strong><em>αὑτοῦ</em></strong></span> <span class='ocrx_word' id='word_1_116' title='bbox 600 1517 654 1583; x_wconf 83' lang='grc' dir='ltr'><strong><em>καὶ</em></strong></span> <span class='ocrx_word' id='word_1_117' title='bbox 668 1515 884 1596; x_wconf 76' lang='grc' dir='ltr'><strong><em>ἀναπαύεσθε,</em></strong></span> <span class='ocrx_word' id='word_1_118' title='bbox 907 1513 968 1601; x_wconf 76' lang='lat' dir='ltr'><strong>lyci</strong></span> <span class='ocrx_word' id='word_1_119' title='bbox 990 1513 1024 1582; x_wconf 70' lang='lat' dir='ltr'><strong><em>ct</em></strong></span> <span class='ocrx_word' id='word_1_120' title='bbox 1040 1513 1237 1598; x_wconf 73' lang='grc' dir='ltr'><strong><em>σκεψάμενός</em></strong></span> <span class='ocrx_word' id='word_1_121' title='bbox 1259 1541 1290 1581; x_wconf 91' lang='grc' dir='ltr'><strong><em>τι</em></strong></span> <span class='ocrx_word' id='word_1_122' title='bbox 1309 1514 1349 1601; x_wconf 83' lang='grc' dir='ltr'><strong><em>ήξ</em></strong></span> <span class='ocrx_word' id='word_1_123' title='bbox 1376 1567 1384 1583; x_wconf 96' lang='grc'><strong><em>.</em></strong></span> <span class='ocrx_word' id='word_1_124' title='bbox 1406 1554 1448 1565; x_wconf 91' lang='lat'>-</span> <span class='ocrx_word' id='word_1_125' title='bbox 1470 1521 1500 1599; x_wconf 92' lang='lat'><strong><em>7,</em></strong></span> <span class='ocrx_word' id='word_1_126' title='bbox 1523 1518 1553 1600; x_wconf 90' lang='grc'><strong><em>3,</em></strong></span> <span class='ocrx_word' id='word_1_127' title='bbox 1573 1519 1629 1584; x_wconf 85' lang='grc'><strong><em>43;</em></strong></span> <span class='ocrx_word' id='word_1_128' title='bbox 1652 1517 1713 1605; x_wconf 75' lang='grc' dir='ltr'><strong><em>ἐγώ</em></strong></span> <span class='ocrx_word' id='word_1_129' title='bbox 1735 1520 1794 1604; x_wconf 78' lang='grc' dir='ltr'><strong><em>μὲν</em></strong></span> <span class='ocrx_word' id='word_1_130' title='bbox 1813 1518 1972 1610; x_wconf 78' lang='grc' dir='ltr'><strong><em>ἡγήσομαι</em></strong></span> 
     </span>
     <span class='ocr_line' id='line_1_10' title="bbox 310 1626 1972 1722; baseline 0.002 -19"><span class='ocrx_word' id='word_1_131' title='bbox 310 1685 379 1704; x_wconf 86' lang='grc'><strong>.....</strong></span> <span class='ocrx_word' id='word_1_132' title='bbox 386 1654 393 1670; x_wconf 92' lang='grc'><em>·</em></span> <span class='ocrx_word' id='word_1_133' title='bbox 415 1630 506 1718; x_wconf 87' lang='grc' dir='ltr'><strong><em>ὑμεῖς</em></strong></span> <span class='ocrx_word' id='word_1_134' title='bbox 526 1636 553 1699; x_wconf 77' lang='grc' dir='ltr'><strong><em>δ’</em></strong></span> <span class='ocrx_word' id='word_1_135' title='bbox 573 1632 696 1700; x_wconf 76' lang='grc' dir='ltr'><strong><em>ἕπεσθε.</em></strong></span> <span class='ocrx_word' id='word_1_136' title='bbox 716 1670 758 1681; x_wconf 93' lang='lat'><em>-</em></span> <span class='ocrx_word' id='word_1_137' title='bbox 783 1638 813 1716; x_wconf 89' lang='grc'><strong><em>7,</em></strong></span> <span class='ocrx_word' id='word_1_138' title='bbox 835 1634 865 1715; x_wconf 87' lang='grc'><strong><em>3,</em></strong></span> <span class='ocrx_word' id='word_1_139' title='bbox 886 1634 942 1699; x_wconf 85' lang='lat'><strong><em>48:</em></strong></span> <span class='ocrx_word' id='word_1_140' title='bbox 964 1629 1026 1717; x_wconf 65' lang='grc' dir='ltr'><strong><em>ἐμοὶ</em></strong></span> <span class='ocrx_word' id='word_1_141' title='bbox 1045 1629 1105 1717; x_wconf 74' lang='grc' dir='ltr'><strong><em>μὲν</em></strong></span> <span class='ocrx_word' id='word_1_142' title='bbox 1217 1628 1279 1697; x_wconf 85' lang='grc' dir='ltr'><strong><em>σύν</em></strong></span> <span class='ocrx_word' id='word_1_143' title='bbox 1299 1626 1347 1709; x_wconf 82' lang='grc' dir='ltr'><strong><em>οἷς</em></strong></span> <span class='ocrx_word' id='word_1_144' title='bbox 1367 1631 1487 1716; x_wconf 78' lang='grc' dir='ltr'><strong><em>ἔχειτὰ</em></strong></span> <span class='ocrx_word' id='word_1_145' title='bbox 1511 1630 1595 1721; x_wconf 83' lang='grc' dir='ltr'><strong><em>ίίκρα</em></strong></span> <span class='ocrx_word' id='word_1_146' title='bbox 1615 1635 1852 1722; x_wconf 76' lang='grc' dir='ltr'><strong><em>καταλήψομαι·</em></strong></span> <span class='ocrx_word' id='word_1_147' title='bbox 1874 1638 1915 1706; x_wconf 85' lang='grc' dir='ltr'><strong><em>σύ</em></strong></span> <span class='ocrx_word' id='word_1_148' title='bbox 1936 1640 1972 1707; x_wconf 74' lang='grc' dir='ltr'><strong><em>δὲ</em></strong></span> 
     </span>
     <span class='ocr_line' id='line_1_11' title="bbox 311 1745 1971 1837; baseline 0.002 -17"><span class='ocrx_word' id='word_1_149' title='bbox 311 1749 480 1834; x_wconf 77' lang='grc' dir='ltr'><strong><em>Κλεάνορα</em></strong></span> <span class='ocrx_word' id='word_1_150' title='bbox 500 1747 606 1816; x_wconf 78' lang='grc' dir='ltr'><strong><em>κέλευε</em></strong></span> <span class='ocrx_word' id='word_1_151' title='bbox 626 1786 736 1816; x_wconf 92' lang='grc'><strong><em>...-.</em></strong></span> <span class='ocrx_word' id='word_1_152' title='bbox 758 1754 789 1833; x_wconf 87' lang='grc'><strong><em>7,</em></strong></span> <span class='ocrx_word' id='word_1_153' title='bbox 812 1752 842 1833; x_wconf 88' lang='lat'><strong><em>6,</em></strong></span> <span class='ocrx_word' id='word_1_154' title='bbox 863 1750 898 1814; x_wconf 77' lang='lat'><strong><em>2:</em></strong></span> <span class='ocrx_word' id='word_1_155' title='bbox 920 1749 953 1813; x_wconf 91' lang='grc' dir='ltr'><strong><em>οί</em></strong></span> <span class='ocrx_word' id='word_1_156' title='bbox 972 1745 1030 1832; x_wconf 79' lang='grc' dir='ltr'><strong><em>μὲν</em></strong></span> <span class='ocrx_word' id='word_1_157' title='bbox 1050 1745 1114 1834; x_wconf 78' lang='grc' dir='ltr'><strong><em>γὰρ</em></strong></span> <span class='ocrx_word' id='word_1_158' title='bbox 1135 1748 1383 1832; x_wconf 79' lang='grc' dir='ltr'><strong><em>Λακεδαιμόνιοι</em></strong></span> <span class='ocrx_word' id='word_1_159' title='bbox 1404 1746 1530 1814; x_wconf 81' lang='grc' dir='ltr'><strong><em>δέονται</em></strong></span> <span class='ocrx_word' id='word_1_160' title='bbox 1549 1753 1609 1815; x_wconf 85' lang='grc' dir='ltr'><strong><em>τοῦ</em></strong></span> <span class='ocrx_word' id='word_1_161' title='bbox 1631 1751 1853 1837; x_wconf 88' lang='grc' dir='ltr'><strong><em>στατεύματος,</em></strong></span> <span class='ocrx_word' id='word_1_162' title='bbox 1875 1755 1916 1821; x_wconf 89' lang='grc' dir='ltr'><strong><em>σὺ</em></strong></span> <span class='ocrx_word' id='word_1_163' title='bbox 1936 1756 1971 1825; x_wconf 78' lang='grc' dir='ltr'><strong><em>δὲ</em></strong></span> 
     </span>
     <span class='ocr_line' id='line_1_12' title="bbox 310 1860 1970 1953; baseline 0.003 -18"><span class='ocrx_word' id='word_1_164' title='bbox 310 1866 416 1935; x_wconf 80' lang='grc' dir='ltr'><strong><em>ούκέτι</em></strong></span> <span class='ocrx_word' id='word_1_165' title='bbox 434 1867 505 1932; x_wconf 74' lang='grc' dir='ltr'><strong><em>δέει.</em></strong></span> <span class='ocrx_word' id='word_1_166' title='bbox 526 1902 568 1912; x_wconf 90' lang='grc'>-</span> <span class='ocrx_word' id='word_1_167' title='bbox 589 1869 618 1949; x_wconf 96' lang='lat'><strong><em>7,</em></strong></span> <span class='ocrx_word' id='word_1_168' title='bbox 632 1867 662 1948; x_wconf 88' lang='lat'><strong><em>6,</em></strong></span> <span class='ocrx_word' id='word_1_169' title='bbox 680 1869 714 1931; x_wconf 80' lang='lat'><strong><em>9:</em></strong></span> <span class='ocrx_word' id='word_1_170' title='bbox 736 1862 817 1930; x_wconf 74' lang='grc' dir='ltr'><strong><em>ἔνθα</em></strong></span> <span class='ocrx_word' id='word_1_171' title='bbox 838 1862 878 1949; x_wconf 80' lang='grc' dir='ltr'><strong><em>δή</em></strong></span> <span class='ocrx_word' id='word_1_172' title='bbox 899 1862 988 1948; x_wconf 82' lang='grc' dir='ltr'><strong><em>ἡμεῖς</em></strong></span> <span class='ocrx_word' id='word_1_173' title='bbox 1009 1862 1068 1947; x_wconf 76' lang='grc' dir='ltr'><strong><em>μὲν</em></strong></span> <span class='ocrx_word' id='word_1_174' title='bbox 1132 1861 1228 1930; x_wconf 78' lang='grc' dir='ltr'><strong><em>οὐδὲν</em></strong></span> <span class='ocrx_word' id='word_1_175' title='bbox 1243 1862 1448 1947; x_wconf 78' lang='grc' dir='ltr'><strong><em>πεπαύμεθα·</em></strong></span> <span class='ocrx_word' id='word_1_176' title='bbox 1470 1860 1488 1930; x_wconf 88' lang='grc' dir='ltr'><strong><em>ὑ</em></strong></span> <span class='ocrx_word' id='word_1_177' title='bbox 1510 1864 1543 1931; x_wconf 79' lang='grc' dir='ltr'><strong><em>δὲ</em></strong></span> <span class='ocrx_word' id='word_1_178' title='bbox 1564 1864 1640 1944; x_wconf 85' lang='grc' dir='ltr'><strong><em>τούς</em></strong></span> <span class='ocrx_word' id='word_1_179' title='bbox 1659 1866 1829 1952; x_wconf 79' lang='grc' dir='ltr'><strong><em>ἡμετέρους</em></strong></span> <span class='ocrx_word' id='word_1_180' title='bbox 1849 1872 1970 1953; x_wconf 82' lang='grc' dir='ltr'><strong><em>τόνους</em></strong></span> 
     </span>
     <span class='ocr_line' id='line_1_13' title="bbox 309 1977 1971 2075; baseline 0.014 -42"><span class='ocrx_word' id='word_1_181' title='bbox 309 1984 380 2070; x_wconf 58' lang='grc' dir='ltr'><strong>ἔχει,</strong></span> <span class='ocrx_word' id='word_1_182' title='bbox 400 2021 443 2032; x_wconf 89' lang='lat'><strong><em>..</em></strong></span> <span class='ocrx_word' id='word_1_183' title='bbox 471 1987 500 2066; x_wconf 67' lang='lat'><strong><em>7,</em></strong></span> <span class='ocrx_word' id='word_1_184' title='bbox 522 1988 552 2065; x_wconf 67' lang='lat'><strong><em>7,</em></strong></span> <span class='ocrx_word' id='word_1_185' title='bbox 572 1985 605 2048; x_wconf 81' lang='lat'><strong><em>5:</em></strong></span> <span class='ocrx_word' id='word_1_186' title='bbox 632 1978 721 2067; x_wconf 76' lang='grc' dir='ltr'><strong><em>ἡμεῖς</em></strong></span> <span class='ocrx_word' id='word_1_187' title='bbox 741 1979 882 2066; x_wconf 74' lang='grc' dir='ltr'><strong><em>μὲνγὰρ</em></strong></span> <span class='ocrx_word' id='word_1_188' title='bbox 904 2029 985 2047; x_wconf 88' lang='grc'><strong>......</strong></span> <span class='ocrx_word' id='word_1_189' title='bbox 1008 1977 1227 2064; x_wconf 80' lang='grc' dir='ltr'><strong><em>ἐπορευόμεθα</em></strong></span> <span class='ocrx_word' id='word_1_190' title='bbox 1253 1977 1307 2047; x_wconf 76' lang='grc' dir='ltr'><strong><em>διὰ</em></strong></span> <span class='ocrx_word' id='word_1_191' title='bbox 1332 1978 1451 2065; x_wconf 85' lang='grc' dir='ltr'><strong><em>ταύτης</em></strong></span> <span class='ocrx_word' id='word_1_192' title='bbox 1476 1985 1531 2067; x_wconf 82' lang='grc' dir='ltr'><strong><em>τῆς</em></strong></span> <span class='ocrx_word' id='word_1_193' title='bbox 1552 1982 1658 2070; x_wconf 81' lang='grc' dir='ltr'><strong><em>χώρας</em></strong></span> <span class='ocrx_word' id='word_1_194' title='bbox 1677 1982 1751 2052; x_wconf 80' lang='grc' dir='ltr'><strong><em>ὅποι</em></strong></span> <span class='ocrx_word' id='word_1_195' title='bbox 1772 1985 1971 2075; x_wconf 76' lang='grc' dir='ltr'><strong><em>ἐβουλόμεθα</em></strong></span> 
     </span>
     <span class='ocr_line' id='line_1_14' title="bbox 311 2091 1969 2187; baseline -0.001 -20"><span class='ocrx_word' id='word_1_196' title='bbox 311 2152 378 2168; x_wconf 87' lang='grc'><strong>.....</strong></span> <span class='ocrx_word' id='word_1_197' title='bbox 385 2120 393 2135; x_wconf 85' lang='grc'><em>·</em></span> <span class='ocrx_word' id='word_1_198' title='bbox 414 2096 504 2183; x_wconf 85' lang='grc' dir='ltr'><strong><em>ὑμεῖς</em></strong></span> <span class='ocrx_word' id='word_1_199' title='bbox 524 2096 560 2165; x_wconf 77' lang='grc' dir='ltr'><strong><em>δὲ</em></strong></span> <span class='ocrx_word' id='word_1_200' title='bbox 582 2098 643 2164; x_wconf 84' lang='grc' dir='ltr'><strong><em>οὐκ</em></strong></span> <span class='ocrx_word' id='word_1_201' title='bbox 664 2091 717 2185; x_wconf 78' lang='grc' dir='ltr'><strong><em>ᾗτε</em></strong></span> <span class='ocrx_word' id='word_1_202' title='bbox 739 2101 783 2174; x_wconf 88' lang='grc' dir='ltr'><strong><em>είς</em></strong></span> <span class='ocrx_word' id='word_1_203' title='bbox 803 2096 899 2183; x_wconf 77' lang='grc' dir='ltr'><strong><em>τήνδε</em></strong></span> <span class='ocrx_word' id='word_1_204' title='bbox 919 2092 978 2181; x_wconf 83' lang='grc' dir='ltr'><strong><em>τήν</em></strong></span> <span class='ocrx_word' id='word_1_205' title='bbox 998 2095 1108 2182; x_wconf 79' lang='grc' dir='ltr'><strong><em>χώραν</em></strong></span> <span class='ocrx_word' id='word_1_206' title='bbox 1128 2130 1239 2163; x_wconf 82' lang='grc'><strong><em>.....-</em></strong></span> <span class='ocrx_word' id='word_1_207' title='bbox 1266 2101 1296 2180; x_wconf 89' lang='grc'><strong>7,</strong></span> <span class='ocrx_word' id='word_1_208' title='bbox 1316 2101 1347 2180; x_wconf 89' lang='grc'><strong>7,</strong></span> <span class='ocrx_word' id='word_1_209' title='bbox 1371 2101 1424 2164; x_wconf 80' lang='lat'><strong><em>15:</em></strong></span> <span class='ocrx_word' id='word_1_210' title='bbox 1444 2099 1487 2164; x_wconf 90' lang='grc' dir='ltr'><strong><em>Εί</em></strong></span> <span class='ocrx_word' id='word_1_211' title='bbox 1507 2096 1565 2181; x_wconf 76' lang='grc' dir='ltr'><strong><em>μὲν</em></strong></span> <span class='ocrx_word' id='word_1_212' title='bbox 1586 2097 1628 2165; x_wconf 91' lang='grc' dir='ltr'><strong><em>σύ</em></strong></span> <span class='ocrx_word' id='word_1_213' title='bbox 1648 2124 1679 2165; x_wconf 91' lang='grc' dir='ltr'><strong><em>τι</em></strong></span> <span class='ocrx_word' id='word_1_214' title='bbox 1699 2100 1777 2187; x_wconf 73' lang='grc' dir='ltr'><strong><em>ἔχεις</em></strong></span> <span class='ocrx_word' id='word_1_215' title='bbox 1888 2109 1916 2173; x_wconf 75' lang='grc' dir='ltr'><strong><em>εί</em></strong></span> <span class='ocrx_word' id='word_1_216' title='bbox 1936 2107 1969 2174; x_wconf 76' lang='grc' dir='ltr'><strong><em>δὲ</em></strong></span> 
     </span>
     <span class='ocr_line' id='line_1_15' title="bbox 309 2207 1969 2303; baseline 0.004 -23"><span class='ocrx_word' id='word_1_217' title='bbox 309 2215 364 2303; x_wconf 82' lang='grc' dir='ltr'><strong><em>μή,</em></strong></span> <span class='ocrx_word' id='word_1_218' title='bbox 379 2213 468 2301; x_wconf 88' lang='grc' dir='ltr'><strong><em>ήμεῖς</em></strong></span> <span class='ocrx_word' id='word_1_219' title='bbox 481 2212 562 2301; x_wconf 81' lang='grc' dir='ltr'><strong><em>πρὸς</em></strong></span> <span class='ocrx_word' id='word_1_220' title='bbox 576 2216 609 2280; x_wconf 82' lang='grc' dir='ltr'><strong><em>σὲ</em></strong></span> <span class='ocrx_word' id='word_1_221' title='bbox 623 2212 742 2299; x_wconf 73' lang='grc' dir='ltr'><strong><em>ἔχομεν.</em></strong></span> <span class='ocrx_word' id='word_1_222' title='bbox 756 2251 798 2263; x_wconf 91' lang='grc'>-</span> <span class='ocrx_word' id='word_1_223' title='bbox 814 2218 843 2297; x_wconf 90' lang='grc'><strong>7,</strong></span> <span class='ocrx_word' id='word_1_224' title='bbox 856 2217 885 2297; x_wconf 90' lang='grc'><strong>7,</strong></span> <span class='ocrx_word' id='word_1_225' title='bbox 895 2216 952 2279; x_wconf 83' lang='lat'><strong><em>46:</em></strong></span> <span class='ocrx_word' id='word_1_226' title='bbox 975 2211 1034 2296; x_wconf 77' lang='grc' dir='ltr'><strong><em>ἐγὼ</em></strong></span> <span class='ocrx_word' id='word_1_227' title='bbox 1049 2209 1107 2297; x_wconf 78' lang='grc' dir='ltr'><strong><em>μὲν</em></strong></span> <span class='ocrx_word' id='word_1_228' title='bbox 1120 2207 1211 2297; x_wconf 77' lang='grc' dir='ltr'><strong><em>οἶμαι</em></strong></span> <span class='ocrx_word' id='word_1_229' title='bbox 1223 2210 1346 2289; x_wconf 76' lang='grc' dir='ltr'><strong><em>πάντας</em></strong></span> <span class='ocrx_word' id='word_1_230' title='bbox 1360 2211 1556 2298; x_wconf 73' lang='grc' dir='ltr'><strong><em>ἀνθρώπους</em></strong></span> <span class='ocrx_word' id='word_1_231' title='bbox 1567 2218 1706 2299; x_wconf 78' lang='grc' dir='ltr'><strong><em>νομίζειν</em></strong></span> <span class='ocrx_word' id='word_1_232' title='bbox 1775 2221 1816 2286; x_wconf 88' lang='grc' dir='ltr'><strong><em>σύ</em></strong></span> <span class='ocrx_word' id='word_1_233' title='bbox 1829 2220 1864 2287; x_wconf 79' lang='grc' dir='ltr'><strong><em>δὲ</em></strong></span> <span class='ocrx_word' id='word_1_234' title='bbox 1878 2263 1969 2293; x_wconf 91' lang='grc'><strong><em>...-.</em></strong></span> 
     </span>
    </p>

    <p class='ocr_par' dir='ltr' id='par_1_4' title="bbox 310 2327 1968 2647">
     <span class='ocr_line' id='line_1_16' title="bbox 410 2327 1968 2415; baseline 0.005 -17"><span class='ocrx_word' id='word_1_235' title='bbox 410 2331 459 2400; x_wconf 88' lang='lat' dir='ltr'><strong><em>De</em></strong></span> <span class='ocrx_word' id='word_1_236' title='bbox 488 2330 693 2399; x_wconf 79' lang='lat' dir='ltr'><strong>collocatione</strong></span> <span class='ocrx_word' id='word_1_237' title='bbox 722 2331 907 2398; x_wconf 85' lang='lat' dir='ltr'><strong>nominativi</strong></span> <span class='ocrx_word' id='word_1_238' title='bbox 934 2349 1024 2396; x_wconf 87' lang='lat' dir='ltr'><strong>casus</strong></span> <span class='ocrx_word' id='word_1_239' title='bbox 1052 2327 1130 2394; x_wconf 88' lang='lat' dir='ltr'><strong>nihil</strong></span> <span class='ocrx_word' id='word_1_240' title='bbox 1157 2328 1256 2410; x_wconf 90' lang='lat' dir='ltr'><strong>addo,</strong></span> <span class='ocrx_word' id='word_1_241' title='bbox 1282 2331 1430 2412; x_wconf 85' lang='lat' dir='ltr'><strong>quoniam</strong></span> <span class='ocrx_word' id='word_1_242' title='bbox 1456 2350 1515 2415; x_wconf 90' lang='lat' dir='ltr'><strong>per</strong></span> <span class='ocrx_word' id='word_1_243' title='bbox 1536 2351 1570 2397; x_wconf 90' lang='lat' dir='ltr'><strong><em>se</em></strong></span> <span class='ocrx_word' id='word_1_244' title='bbox 1593 2332 1677 2398; x_wconf 86' lang='lat' dir='ltr'><strong>clarc</strong></span> <span class='ocrx_word' id='word_1_245' title='bbox 1698 2342 1764 2414; x_wconf 86' lang='lat' dir='ltr'><strong>est;</strong></span> <span class='ocrx_word' id='word_1_246' title='bbox 1787 2343 1820 2402; x_wconf 89' lang='lat' dir='ltr'><strong><em>at</em></strong></span> <span class='ocrx_word' id='word_1_247' title='bbox 1841 2359 1968 2406; x_wconf 88' lang='lat' dir='ltr'><strong>casuum</strong></span> 
     </span>
     <span class='ocr_line' id='line_1_17' title="bbox 311 2444 1968 2537; baseline 0.004 -21"><span class='ocrx_word' id='word_1_248' title='bbox 311 2450 508 2534; x_wconf 90' lang='lat' dir='ltr'><strong>obliquorum</strong></span> <span class='ocrx_word' id='word_1_249' title='bbox 535 2448 774 2516; x_wconf 77' lang='lat' dir='ltr'><strong>collocationem</strong></span> <span class='ocrx_word' id='word_1_250' title='bbox 801 2467 894 2532; x_wconf 86' lang='lat' dir='ltr'><strong>quam</strong></span> <span class='ocrx_word' id='word_1_251' title='bbox 921 2451 1032 2528; x_wconf 89' lang='lat' dir='ltr'><strong>potero</strong></span> <span class='ocrx_word' id='word_1_252' title='bbox 1061 2444 1297 2510; x_wconf 85' lang='lat' dir='ltr'><strong>accuratissime</strong></span> <span class='ocrx_word' id='word_1_253' title='bbox 1324 2445 1523 2528; x_wconf 82' lang='lat' dir='ltr'><strong>perlustrabo</strong></span> <span class='ocrx_word' id='word_1_254' title='bbox 1556 2455 1588 2514; x_wconf 88' lang='lat' dir='ltr'><strong><em>et</em></strong></span> <span class='ocrx_word' id='word_1_255' title='bbox 1618 2449 1659 2514; x_wconf 90' lang='lat' dir='ltr'><strong><em>ad</em></strong></span> <span class='ocrx_word' id='word_1_256' title='bbox 1686 2457 1787 2517; x_wconf 87' lang='lat' dir='ltr'><strong>certas</strong></span> <span class='ocrx_word' id='word_1_257' title='bbox 1815 2457 1968 2537; x_wconf 86' lang='lat' dir='ltr'><strong>quasdam</strong></span> 
     </span>
     <span class='ocr_line' id='line_1_18' title="bbox 310 2564 585 2647; baseline -0.004 -16"><span class='ocrx_word' id='word_1_258' title='bbox 310 2566 398 2647; x_wconf 82' lang='lat' dir='ltr'><strong>leges</strong></span> <span class='ocrx_word' id='word_1_259' title='bbox 418 2564 585 2630; x_wconf 84' lang='lat' dir='ltr'><strong>revocabo.</strong></span> 
     </span>
    </p>
   </div>
   <div class='ocr_carea' id='block_1_4' title="bbox 879 2744 1398 3013">
    <p class='ocr_par' dir='ltr' id='par_1_5' title="bbox 879 2744 1398 3013">
     <span class='ocr_line' id='line_1_19' title="bbox 1056 2744 1221 2845; baseline 0.006 -28"><span class='ocrx_word' id='word_1_260' title='bbox 1056 2745 1145 2845; x_wconf 79' lang='lat' dir='ltr'><strong>Cap.</strong></span> <span class='ocrx_word' id='word_1_261' title='bbox 1172 2744 1221 2818; x_wconf 85' lang='lat' dir='ltr'><strong><em>ll.</em></strong></span> 
     </span>
     <span class='ocr_line' id='line_1_20' title="bbox 879 2910 1398 3013; baseline 0.002 -21"><span class='ocrx_word' id='word_1_262' title='bbox 879 2911 938 2995; x_wconf 85' lang='lat' dir='ltr'><strong><em>be</em></strong></span> <span class='ocrx_word' id='word_1_263' title='bbox 965 2910 1156 2995; x_wconf 83' lang='lat' dir='ltr'><strong>casibus</strong></span> <span class='ocrx_word' id='word_1_264' title='bbox 1183 2910 1398 3013; x_wconf 77' lang='lat' dir='ltr'><strong>obliquis.</strong></span> 
     </span>
    </p>
   </div>
   <div class='ocr_carea' id='block_1_5' title="bbox 433 3111 1838 3312">
    <p class='ocr_par' dir='ltr' id='par_1_6' title="bbox 433 3111 1838 3312">
     <span class='ocr_line' id='line_1_21' title="bbox 433 3111 1838 3200; baseline 0.001 -20"><span class='ocrx_word' id='word_1_265' title='bbox 433 3133 460 3180; x_wconf 83' lang='lat' dir='ltr'><strong>a</strong></span> <span class='ocrx_word' id='word_1_266' title='bbox 490 3111 539 3180; x_wconf 89' lang='lat' dir='ltr'><strong><em>De</em></strong></span> <span class='ocrx_word' id='word_1_267' title='bbox 560 3112 747 3199; x_wconf 90' lang='lat' dir='ltr'><strong>pronomine</strong></span> <span class='ocrx_word' id='word_1_268' title='bbox 769 3112 853 3196; x_wconf 89' lang='lat' dir='ltr'><strong>quod</strong></span> <span class='ocrx_word' id='word_1_269' title='bbox 873 3114 992 3198; x_wconf 88' lang='lat' dir='ltr'><strong>pendet</strong></span> <span class='ocrx_word' id='word_1_270' title='bbox 1014 3133 1031 3176; x_wconf 91' lang='lat' dir='ltr'><strong>e</strong></span> <span class='ocrx_word' id='word_1_271' title='bbox 1054 3113 1151 3179; x_wconf 84' lang='lat' dir='ltr'><strong>verbo</strong></span> <span class='ocrx_word' id='word_1_272' title='bbox 1172 3119 1225 3178; x_wconf 85' lang='lat' dir='ltr'><strong><em>ant</em></strong></span> <span class='ocrx_word' id='word_1_273' title='bbox 1247 3133 1264 3178; x_wconf 92' lang='lat' dir='ltr'><strong>e</strong></span> <span class='ocrx_word' id='word_1_274' title='bbox 1285 3113 1425 3196; x_wconf 87' lang='lat' dir='ltr'><strong>nomine,</strong></span> <span class='ocrx_word' id='word_1_275' title='bbox 1447 3112 1601 3196; x_wconf 81' lang='lat' dir='ltr'><strong>adjectivo</strong></span> <span class='ocrx_word' id='word_1_276' title='bbox 1622 3115 1838 3200; x_wconf 90' lang='lat' dir='ltr'><strong>potissimum,</strong></span> 
     </span>
     <span class='ocr_line' id='line_1_22' title="bbox 936 3227 1336 3312; baseline -0.005 -18"><span class='ocrx_word' id='word_1_277' title='bbox 936 3248 1006 3296; x_wconf 88' lang='lat' dir='ltr'><strong><em>cum</em></strong></span> <span class='ocrx_word' id='word_1_278' title='bbox 1029 3227 1141 3312; x_wconf 85' lang='lat' dir='ltr'><strong>copula</strong></span> <span class='ocrx_word' id='word_1_279' title='bbox 1162 3229 1336 3310; x_wconf 83' lang='lat' dir='ltr'><strong>conjuncto.</strong></span> 
     </span>
    </p>
   </div>
   <div class='ocr_carea' id='block_1_6' title="bbox 304 3375 1994 4630">
    <p class='ocr_par' dir='ltr' id='par_1_7' title="bbox 306 3375 1962 3930">
     <span class='ocr_line' id='line_1_23' title="bbox 407 3375 1962 3466; baseline 0.006 -22"><span class='ocrx_word' id='word_1_280' title='bbox 407 3380 528 3446; x_wconf 86' lang='lat' dir='ltr'><strong>Eorum</strong></span> <span class='ocrx_word' id='word_1_281' title='bbox 547 3380 699 3461; x_wconf 90' lang='lat' dir='ltr'><strong>locorum,</strong></span> <span class='ocrx_word' id='word_1_282' title='bbox 721 3378 773 3462; x_wconf 88' lang='lat' dir='ltr'><strong><em>qui</em></strong></span> <span class='ocrx_word' id='word_1_283' title='bbox 794 3377 846 3444; x_wconf 91' lang='lat' dir='ltr'><strong><em>hic</em></strong></span> <span class='ocrx_word' id='word_1_284' title='bbox 865 3378 1020 3444; x_wconf 76' lang='lat' dir='ltr'><strong>mactandi</strong></span> <span class='ocrx_word' id='word_1_285' title='bbox 1042 3383 1148 3460; x_wconf 86' lang='lat' dir='ltr'><strong>erunt,</strong></span> <span class='ocrx_word' id='word_1_286' title='bbox 1170 3399 1265 3462; x_wconf 90' lang='lat' dir='ltr'><strong>quum</strong></span> <span class='ocrx_word' id='word_1_287' title='bbox 1284 3376 1379 3459; x_wconf 82' lang='lat' dir='ltr'><strong>longe</strong></span> <span class='ocrx_word' id='word_1_288' title='bbox 1400 3375 1528 3463; x_wconf 90' lang='lat' dir='ltr'><strong>plurimi</strong></span> <span class='ocrx_word' id='word_1_289' title='bbox 1548 3380 1669 3462; x_wconf 91' lang='lat' dir='ltr'><strong>sintii,</strong></span> <span class='ocrx_word' id='word_1_290' title='bbox 1691 3381 1804 3466; x_wconf 88' lang='lat' dir='ltr'><strong>quibas</strong></span> <span class='ocrx_word' id='word_1_291' title='bbox 1826 3403 1843 3447; x_wconf 91' lang='lat' dir='ltr'><strong>e</strong></span> <span class='ocrx_word' id='word_1_292' title='bbox 1864 3387 1962 3454; x_wconf 86' lang='lat' dir='ltr'><strong>verbo</strong></span> 
     </span>
     <span class='ocr_line' id='line_1_24' title="bbox 311 3471 1961 3582; baseline 0.005 -23"><span class='ocrx_word' id='word_1_293' title='bbox 311 3496 431 3580; x_wconf 89' lang='lat' dir='ltr'><strong>pendet</strong></span> <span class='ocrx_word' id='word_1_294' title='bbox 451 3514 643 3581; x_wconf 87' lang='lat' dir='ltr'><strong>pronomen,</strong></span> <span class='ocrx_word' id='word_1_295' title='bbox 669 3496 703 3559; x_wconf 91' lang='lat' dir='ltr'><strong><em>in</em></strong></span> <span class='ocrx_word' id='word_1_296' title='bbox 728 3492 788 3558; x_wconf 89' lang='lat' dir='ltr'><strong><em>hos</em></strong></span> <span class='ocrx_word' id='word_1_297' title='bbox 810 3495 947 3578; x_wconf 84' lang='lat' dir='ltr'><strong>primam</strong></span> <span class='ocrx_word' id='word_1_298' title='bbox 976 3499 1008 3560; x_wconf 89' lang='lat' dir='ltr'><strong><em>et</em></strong></span> <span class='ocrx_word' id='word_1_299' title='bbox 1023 3471 1236 3578; x_wconf 38' lang='lat' dir='ltr'><strong>&#39;potissimam</strong></span> <span class='ocrx_word' id='word_1_300' title='bbox 1261 3493 1416 3577; x_wconf 88' lang='lat' dir='ltr'><strong>inquiram</strong></span> <span class='ocrx_word' id='word_1_301' title='bbox 1442 3494 1484 3559; x_wconf 90' lang='lat' dir='ltr'><strong><em>ad</em></strong></span> <span class='ocrx_word' id='word_1_302' title='bbox 1511 3513 1625 3579; x_wconf 87' lang='lat' dir='ltr'><strong>easque</strong></span> <span class='ocrx_word' id='word_1_303' title='bbox 1653 3496 1757 3579; x_wconf 87' lang='lat' dir='ltr'><strong>leges,</strong></span> <span class='ocrx_word' id='word_1_304' title='bbox 1782 3518 1861 3582; x_wconf 89' lang='lat' dir='ltr'><strong>qnae</strong></span> <span class='ocrx_word' id='word_1_305' title='bbox 1887 3503 1961 3568; x_wconf 90' lang='lat' dir='ltr'><strong>inde</strong></span> 
     </span>
     <span class='ocr_line' id='line_1_25' title="bbox 306 3608 1962 3696; baseline 0.006 -22"><span class='ocrx_word' id='word_1_306' title='bbox 306 3612 522 3696; x_wconf 85' lang='lat' dir='ltr'><strong>apparuerint,</strong></span> <span class='ocrx_word' id='word_1_307' title='bbox 543 3610 671 3676; x_wconf 90' lang='lat' dir='ltr'><strong>nomina</strong></span> <span class='ocrx_word' id='word_1_308' title='bbox 692 3629 815 3694; x_wconf 88' lang='lat' dir='ltr'><strong>quoque</strong></span> <span class='ocrx_word' id='word_1_309' title='bbox 835 3609 891 3673; x_wconf 90' lang='lat' dir='ltr'><strong>illa</strong></span> <span class='ocrx_word' id='word_1_310' title='bbox 912 3629 980 3675; x_wconf 89' lang='lat' dir='ltr'><strong><em>eum</em></strong></span> <span class='ocrx_word' id='word_1_311' title='bbox 1003 3608 1116 3693; x_wconf 91' lang='lat' dir='ltr'><strong>copula</strong></span> <span class='ocrx_word' id='word_1_312' title='bbox 1137 3609 1302 3691; x_wconf 87' lang='lat' dir='ltr'><strong>conjuncta</strong></span> <span class='ocrx_word' id='word_1_313' title='bbox 1319 3609 1485 3675; x_wconf 84' lang='lat' dir='ltr'><strong>revocabo.</strong></span> <span class='ocrx_word' id='word_1_314' title='bbox 1529 3609 1676 3676; x_wconf 88' lang='lat' dir='ltr'><strong>Omnium</strong></span> <span class='ocrx_word' id='word_1_315' title='bbox 1697 3613 1836 3695; x_wconf 85' lang='lat' dir='ltr'><strong>primunr</strong></span> <span class='ocrx_word' id='word_1_316' title='bbox 1857 3623 1962 3684; x_wconf 86' lang='lat' dir='ltr'><strong>antem</strong></span> 
     </span>
     <span class='ocr_line' id='line_1_26' title="bbox 308 3725 1961 3814; baseline 0.005 -23"><span class='ocrx_word' id='word_1_317' title='bbox 308 3726 341 3792; x_wconf 94' lang='lat' dir='ltr'><strong><em>id</em></strong></span> <span class='ocrx_word' id='word_1_318' title='bbox 361 3727 440 3793; x_wconf 91' lang='lat' dir='ltr'><strong>mihi</strong></span> <span class='ocrx_word' id='word_1_319' title='bbox 460 3727 585 3793; x_wconf 83' lang='lat' dir='ltr'><strong>ridetur</strong></span> <span class='ocrx_word' id='word_1_320' title='bbox 606 3746 676 3792; x_wconf 88' lang='lat' dir='ltr'><strong>esse</strong></span> <span class='ocrx_word' id='word_1_321' title='bbox 698 3726 930 3810; x_wconf 83' lang='lat' dir='ltr'><strong>quaerendum,</strong></span> <span class='ocrx_word' id='word_1_322' title='bbox 952 3745 1045 3811; x_wconf 88' lang='lat' dir='ltr'><strong>quem</strong></span> <span class='ocrx_word' id='word_1_323' title='bbox 1065 3725 1169 3793; x_wconf 90' lang='lat' dir='ltr'><strong>locum</strong></span> <span class='ocrx_word' id='word_1_324' title='bbox 1192 3725 1334 3792; x_wconf 87' lang='lat' dir='ltr'><strong>obtineat</strong></span> <span class='ocrx_word' id='word_1_325' title='bbox 1353 3745 1529 3810; x_wconf 90' lang='lat' dir='ltr'><strong>pronomen</strong></span> <span class='ocrx_word' id='word_1_326' title='bbox 1557 3726 1626 3791; x_wconf 89' lang='lat' dir='ltr'><strong>sine</strong></span> <span class='ocrx_word' id='word_1_327' title='bbox 1647 3728 1680 3792; x_wconf 77' lang='lat' dir='ltr'><strong><em>ui</em></strong></span> <span class='ocrx_word' id='word_1_328' title='bbox 1701 3729 1860 3814; x_wconf 81' lang='lat' dir='ltr'><strong>positum3</strong></span> <span class='ocrx_word' id='word_1_329' title='bbox 1887 3754 1961 3800; x_wconf 89' lang='lat' dir='ltr'><strong><em>nam</em></strong></span> 
     </span>
     <span class='ocr_line' id='line_1_27' title="bbox 307 3840 1609 3930; baseline 0.002 -24"><span class='ocrx_word' id='word_1_330' title='bbox 307 3843 355 3907; x_wconf 84' lang='lat' dir='ltr'><strong><em>vis</em></strong></span> <span class='ocrx_word' id='word_1_331' title='bbox 379 3845 404 3908; x_wconf 89' lang='lat' dir='ltr'><strong><em>si</em></strong></span> <span class='ocrx_word' id='word_1_332' title='bbox 424 3845 517 3926; x_wconf 88' lang='lat' dir='ltr'><strong>inest,</strong></span> <span class='ocrx_word' id='word_1_333' title='bbox 536 3843 603 3926; x_wconf 90' lang='lat' dir='ltr'><strong><em>jam</em></strong></span> <span class='ocrx_word' id='word_1_334' title='bbox 624 3844 695 3930; x_wconf 87' lang='lat' dir='ltr'><strong>ipsa</strong></span> <span class='ocrx_word' id='word_1_335' title='bbox 715 3843 894 3928; x_wconf 90' lang='lat' dir='ltr'><strong>pronomini</strong></span> <span class='ocrx_word' id='word_1_336' title='bbox 915 3861 1029 3923; x_wconf 85' lang='lat' dir='ltr'><strong>magna</strong></span> <span class='ocrx_word' id='word_1_337' title='bbox 1051 3862 1092 3906; x_wconf 87' lang='lat' dir='ltr'><strong><em>ex</em></strong></span> <span class='ocrx_word' id='word_1_338' title='bbox 1112 3847 1203 3928; x_wconf 87' lang='lat' dir='ltr'><strong>parte</strong></span> <span class='ocrx_word' id='word_1_339' title='bbox 1224 3840 1328 3906; x_wconf 91' lang='lat' dir='ltr'><strong>locum</strong></span> <span class='ocrx_word' id='word_1_340' title='bbox 1350 3861 1440 3905; x_wconf 89' lang='lat' dir='ltr'><strong>snum</strong></span> <span class='ocrx_word' id='word_1_341' title='bbox 1462 3842 1609 3924; x_wconf 86' lang='lat' dir='ltr'><strong>assignat.</strong></span> 
     </span>
    </p>

    <p class='ocr_par' dir='ltr' id='par_1_8' title="bbox 304 3955 1994 4509">
     <span class='ocr_line' id='line_1_28' title="bbox 407 3955 1960 4047; baseline 0.005 -24"><span class='ocrx_word' id='word_1_342' title='bbox 407 3956 498 4036; x_wconf 80' lang='lat' dir='ltr'><strong>Quod</strong></span> <span class='ocrx_word' id='word_1_343' title='bbox 521 3959 588 4041; x_wconf 87' lang='lat' dir='ltr'><strong><em>jam</em></strong></span> <span class='ocrx_word' id='word_1_344' title='bbox 615 3980 711 4047; x_wconf 88' lang='lat' dir='ltr'><strong>snpra</strong></span> <span class='ocrx_word' id='word_1_345' title='bbox 737 3959 986 4040; x_wconf 75' lang='lat' dir='ltr'><strong>observavimus,</strong></span> <span class='ocrx_word' id='word_1_346' title='bbox 1007 3976 1184 4043; x_wconf 88' lang='lat' dir='ltr'><strong>pronomen</strong></span> <span class='ocrx_word' id='word_1_347' title='bbox 1205 3955 1372 4042; x_wconf 83' lang='lat' dir='ltr'><strong>personale</strong></span> <span class='ocrx_word' id='word_1_348' title='bbox 1393 3958 1587 4024; x_wconf 88' lang='lat' dir='ltr'><strong>nominativo</strong></span> <span class='ocrx_word' id='word_1_349' title='bbox 1609 3978 1699 4043; x_wconf 80' lang='lat' dir='ltr'><strong>cusu,</strong></span> <span class='ocrx_word' id='word_1_350' title='bbox 1724 3960 1778 4026; x_wconf 90' lang='lat' dir='ltr'><strong><em>ubi</em></strong></span> <span class='ocrx_word' id='word_1_351' title='bbox 1805 3963 1869 4029; x_wconf 82' lang='lat' dir='ltr'><strong><em>vim</em></strong></span> <span class='ocrx_word' id='word_1_352' title='bbox 1895 3985 1960 4032; x_wconf 93' lang='lat' dir='ltr'><strong><em>non</em></strong></span> 
     </span>
     <span class='ocr_line' id='line_1_29' title="bbox 304 4071 1994 4164; baseline 0.005 -26"><span class='ocrx_word' id='word_1_353' title='bbox 304 4072 435 4157; x_wconf 90' lang='lat' dir='ltr'><strong>habeat,</strong></span> <span class='ocrx_word' id='word_1_354' title='bbox 463 4074 620 4160; x_wconf 86' lang='lat' dir='ltr'><strong>applicare</strong></span> <span class='ocrx_word' id='word_1_355' title='bbox 648 4095 682 4141; x_wconf 91' lang='lat' dir='ltr'><strong><em>se</em></strong></span> <span class='ocrx_word' id='word_1_356' title='bbox 709 4077 751 4142; x_wconf 89' lang='lat' dir='ltr'><strong><em>ad</em></strong></span> <span class='ocrx_word' id='word_1_357' title='bbox 776 4075 861 4141; x_wconf 87' lang='lat' dir='ltr'><strong>aliud</strong></span> <span class='ocrx_word' id='word_1_358' title='bbox 886 4071 1087 4156; x_wconf 85' lang='lat' dir='ltr'><strong>vocabulum,</strong></span> <span class='ocrx_word' id='word_1_359' title='bbox 1115 4072 1150 4137; x_wconf 93' lang='lat' dir='ltr'><strong><em>id</em></strong></span> <span class='ocrx_word' id='word_1_360' title='bbox 1175 4073 1270 4138; x_wconf 88' lang='lat' dir='ltr'><strong>etiam</strong></span> <span class='ocrx_word' id='word_1_361' title='bbox 1296 4073 1329 4138; x_wconf 93' lang='lat' dir='ltr'><strong><em>in</em></strong></span> <span class='ocrx_word' id='word_1_362' title='bbox 1351 4074 1475 4140; x_wconf 83' lang='lat' dir='ltr'><strong>casibus</strong></span> <span class='ocrx_word' id='word_1_363' title='bbox 1502 4072 1637 4159; x_wconf 88' lang='lat' dir='ltr'><strong>obliquis</strong></span> <span class='ocrx_word' id='word_1_364' title='bbox 1658 4073 1752 4141; x_wconf 84' lang='lat' dir='ltr'><strong>valet.</strong></span> <span class='ocrx_word' id='word_1_365' title='bbox 1778 4075 1835 4143; x_wconf 88' lang='lat' dir='ltr'><strong><em>·Et</em></strong></span> <span class='ocrx_word' id='word_1_366' title='bbox 1854 4080 1958 4164; x_wconf 90' lang='lat' dir='ltr'><strong>primo</strong></span> <span class='ocrx_word' id='word_1_367' title='bbox 1990 4091 1994 4096; x_wconf 82' lang='grc'><strong>’</strong></span> 
     </span>
     <span class='ocr_line' id='line_1_30' title="bbox 306 4188 1960 4278; baseline 0.007 -24"><span class='ocrx_word' id='word_1_368' title='bbox 306 4189 433 4273; x_wconf 88' lang='lat' dir='ltr'><strong>quidem</strong></span> <span class='ocrx_word' id='word_1_369' title='bbox 461 4210 556 4275; x_wconf 88' lang='lat' dir='ltr'><strong>saepe</strong></span> <span class='ocrx_word' id='word_1_370' title='bbox 584 4210 618 4256; x_wconf 89' lang='lat' dir='ltr'><strong><em>se</em></strong></span> <span class='ocrx_word' id='word_1_371' title='bbox 644 4190 781 4277; x_wconf 87' lang='lat' dir='ltr'><strong>applicat</strong></span> <span class='ocrx_word' id='word_1_372' title='bbox 801 4191 843 4260; x_wconf 79' lang='lat' dir='ltr'><strong><em>ad</em></strong></span> <span class='ocrx_word' id='word_1_373' title='bbox 862 4190 1053 4277; x_wconf 88' lang='lat' dir='ltr'><strong>pronomina</strong></span> <span class='ocrx_word' id='word_1_374' title='bbox 1078 4188 1210 4256; x_wconf 87' lang='lat' dir='ltr'><strong>relativa</strong></span> <span class='ocrx_word' id='word_1_375' title='bbox 1237 4195 1269 4255; x_wconf 88' lang='lat' dir='ltr'><strong><em>et</em></strong></span> <span class='ocrx_word' id='word_1_376' title='bbox 1296 4189 1338 4255; x_wconf 88' lang='lat' dir='ltr'><strong><em>ad</em></strong></span> <span class='ocrx_word' id='word_1_377' title='bbox 1363 4189 1618 4271; x_wconf 65' lang='lat' dir='ltr'><strong>coniunctionem</strong></span> <span class='ocrx_word' id='word_1_378' title='bbox 1646 4189 1731 4257; x_wconf 89' lang='lat' dir='ltr'><strong>haud</strong></span> <span class='ocrx_word' id='word_1_379' title='bbox 1750 4211 1822 4257; x_wconf 88' lang='lat' dir='ltr'><strong>raro</strong></span> <span class='ocrx_word' id='word_1_380' title='bbox 1843 4195 1903 4278; x_wconf 87' lang='lat' dir='ltr'><strong><em>ita,</em></strong></span> <span class='ocrx_word' id='word_1_381' title='bbox 1925 4205 1960 4265; x_wconf 89' lang='lat' dir='ltr'><strong><em>ut</em></strong></span> 
     </span>
     <span class='ocr_line' id='line_1_31' title="bbox 304 4303 1959 4391; baseline 0.005 -21"><span class='ocrx_word' id='word_1_382' title='bbox 304 4306 461 4372; x_wconf 87' lang='lat' dir='ltr'><strong>inseratur</strong></span> <span class='ocrx_word' id='word_1_383' title='bbox 482 4311 535 4373; x_wconf 89' lang='lat' dir='ltr'><strong><em>aut</em></strong></span> <span class='ocrx_word' id='word_1_384' title='bbox 555 4305 616 4371; x_wconf 87' lang='lat' dir='ltr'><strong>alia</strong></span> <span class='ocrx_word' id='word_1_385' title='bbox 637 4307 790 4389; x_wconf 87' lang='lat' dir='ltr'><strong>quaedam</strong></span> <span class='ocrx_word' id='word_1_386' title='bbox 806 4307 981 4388; x_wconf 91' lang='lat' dir='ltr'><strong>conjunctio</strong></span> <span class='ocrx_word' id='word_1_387' title='bbox 1004 4311 1058 4372; x_wconf 85' lang='lat' dir='ltr'><strong><em>cat</em></strong></span> <span class='ocrx_word' id='word_1_388' title='bbox 1078 4324 1255 4391; x_wconf 88' lang='lat' dir='ltr'><strong>pronomen</strong></span> <span class='ocrx_word' id='word_1_389' title='bbox 1275 4303 1332 4388; x_wconf 85' lang='grc' dir='ltr'><strong><em>τὶς,</em></strong></span> <span class='ocrx_word' id='word_1_390' title='bbox 1354 4312 1408 4370; x_wconf 88' lang='lat' dir='ltr'><strong><em>aut</em></strong></span> <span class='ocrx_word' id='word_1_391' title='bbox 1420 4312 1595 4390; x_wconf 87' lang='lat' dir='ltr'><strong>utrumque.</strong></span> <span class='ocrx_word' id='word_1_392' title='bbox 1631 4304 1667 4371; x_wconf 95' lang='lat' dir='ltr'><strong><em>ln</em></strong></span> <span class='ocrx_word' id='word_1_393' title='bbox 1681 4305 1796 4372; x_wconf 72' lang='lat' dir='ltr'><strong>talibus</strong></span> <span class='ocrx_word' id='word_1_394' title='bbox 1809 4307 1888 4377; x_wconf 91' lang='lat' dir='ltr'><strong>locis</strong></span> <span class='ocrx_word' id='word_1_395' title='bbox 1902 4333 1959 4379; x_wconf 91' lang='lat' dir='ltr'><strong><em>ne·</em></strong></span> 
     </span>
     <span class='ocr_line' id='line_1_32' title="bbox 307 4420 1468 4509; baseline 0 -23"><span class='ocrx_word' id='word_1_396' title='bbox 307 4441 395 4488; x_wconf 87' lang='lat' dir='ltr'><strong>cesse</strong></span> <span class='ocrx_word' id='word_1_397' title='bbox 418 4429 467 4489; x_wconf 88' lang='lat' dir='ltr'><strong><em>est</em></strong></span> <span class='ocrx_word' id='word_1_398' title='bbox 486 4441 663 4509; x_wconf 90' lang='lat' dir='ltr'><strong>pronomen</strong></span> <span class='ocrx_word' id='word_1_399' title='bbox 684 4422 851 4506; x_wconf 85' lang='lat' dir='ltr'><strong>personale</strong></span> <span class='ocrx_word' id='word_1_400' title='bbox 871 4425 1012 4507; x_wconf 91' lang='lat' dir='ltr'><strong>positum</strong></span> <span class='ocrx_word' id='word_1_401' title='bbox 1035 4422 1076 4487; x_wconf 89' lang='lat' dir='ltr'><strong><em>sit</em></strong></span> <span class='ocrx_word' id='word_1_402' title='bbox 1096 4427 1170 4486; x_wconf 88' lang='lat' dir='ltr'><strong>ante</strong></span> <span class='ocrx_word' id='word_1_403' title='bbox 1193 4420 1323 4486; x_wconf 88' lang='lat' dir='ltr'><strong>verbum</strong></span> <span class='ocrx_word' id='word_1_404' title='bbox 1343 4439 1468 4503; x_wconf 82' lang='lat' dir='ltr'><strong>regens.</strong></span> 
     </span>
    </p>

    <p class='ocr_par' dir='ltr' id='par_1_9' title="bbox 403 4532 1958 4630">
     <span class='ocr_line' id='line_1_33' title="bbox 403 4532 1958 4630; baseline 0.006 -27"><span class='ocrx_word' id='word_1_405' title='bbox 403 4538 456 4604; x_wconf 85' lang='lat' dir='ltr'><strong><em>Au</em></strong></span> <span class='ocrx_word' id='word_1_406' title='bbox 476 4539 664 4624; x_wconf 88' lang='lat' dir='ltr'><strong>pronomina</strong></span> <span class='ocrx_word' id='word_1_407' title='bbox 683 4536 814 4604; x_wconf 79' lang='lat' dir='ltr'><strong>relatiua</strong></span> <span class='ocrx_word' id='word_1_408' title='bbox 835 4545 940 4604; x_wconf 86' lang='lat' dir='ltr'><strong>autem</strong></span> <span class='ocrx_word' id='word_1_409' title='bbox 961 4537 1084 4604; x_wconf 90' lang='lat' dir='ltr'><strong>accedit</strong></span> <span class='ocrx_word' id='word_1_410' title='bbox 1103 4555 1280 4622; x_wconf 87' lang='lat' dir='ltr'><strong>pronomen</strong></span> <span class='ocrx_word' id='word_1_411' title='bbox 1300 4535 1467 4621; x_wconf 86' lang='lat' dir='ltr'><strong>personale</strong></span> <span class='ocrx_word' id='word_1_412' title='bbox 1488 4535 1538 4601; x_wconf 90' lang='lat' dir='ltr'><strong><em>his</em></strong></span> <span class='ocrx_word' id='word_1_413' title='bbox 1552 4532 1648 4602; x_wconf 89' lang='lat' dir='ltr'><strong>locis:</strong></span> <span class='ocrx_word' id='word_1_414' title='bbox 1674 4542 1702 4620; x_wconf 92' lang='lat' dir='ltr'><strong><em>l,</em></strong></span> <span class='ocrx_word' id='word_1_415' title='bbox 1716 4538 1815 4622; x_wconf 80' lang='lat'><strong>3,17:</strong></span> <span class='ocrx_word' id='word_1_416' title='bbox 1838 4542 1860 4607; x_wconf 80' lang='lat' dir='ltr'><strong>s</strong></span> <span class='ocrx_word' id='word_1_417' title='bbox 1881 4541 1958 4630; x_wconf 81' lang='grc' dir='ltr'><strong><em>ἡμῖν</em></strong></span> 
     </span>
    </p>
   </div>
   <div class='ocr_carea' id='block_1_7' title="bbox 174 4647 1957 4743">
    <p class='ocr_par' dir='ltr' id='par_1_10' title="bbox 174 4647 1957 4743">
     <span class='ocr_line' id='line_1_34' title="bbox 174 4647 1957 4743; baseline 0.006 -28"><span class='ocrx_word' id='word_1_418' title='bbox 174 4725 182 4732; x_wconf 47' lang='grc'><strong>,</strong></span> <span class='ocrx_word' id='word_1_419' title='bbox 303 4653 355 4717; x_wconf 80' lang='lat' dir='ltr'><strong><em>sos</em></strong></span> <span class='ocrx_word' id='word_1_420' title='bbox 376 4704 383 4719; x_wconf 88' lang='lat'><strong>.</strong></span> <span class='ocrx_word' id='word_1_421' title='bbox 405 4692 446 4703; x_wconf 88' lang='lat'><em>-</em></span> <span class='ocrx_word' id='word_1_422' title='bbox 476 4660 505 4742; x_wconf 89' lang='lat'><strong><em>1,</em></strong></span> <span class='ocrx_word' id='word_1_423' title='bbox 526 4660 556 4741; x_wconf 89' lang='lat'><strong><em>6,</em></strong></span> <span class='ocrx_word' id='word_1_424' title='bbox 575 4660 609 4721; x_wconf 92' lang='lat'><strong><em>7:</em></strong></span> <span class='ocrx_word' id='word_1_425' title='bbox 636 4652 720 4720; x_wconf 70' lang='grc' dir='ltr'><strong><em>ἔστιν</em></strong></span> <span class='ocrx_word' id='word_1_426' title='bbox 740 4651 806 4732; x_wconf 83' lang='grc' dir='ltr'><strong><em>ὑ,τι</em></strong></span> <span class='ocrx_word' id='word_1_427' title='bbox 827 4670 861 4719; x_wconf 94' lang='grc' dir='ltr'><strong><em>σε</em></strong></span> <span class='ocrx_word' id='word_1_428' title='bbox 882 4652 1037 4740; x_wconf 75' lang='grc' dir='ltr'><strong><em>ἠδίκησας</em></strong></span> <span class='ocrx_word' id='word_1_429' title='bbox 1065 4690 1106 4699; x_wconf 92' lang='grc'><strong>-</strong></span> <span class='ocrx_word' id='word_1_430' title='bbox 1136 4656 1164 4736; x_wconf 92' lang='lat' dir='ltr'><strong><em>l,</em></strong></span> <span class='ocrx_word' id='word_1_431' title='bbox 1186 4656 1216 4736; x_wconf 90' lang='lat'><strong><em>6,</em></strong></span> <span class='ocrx_word' id='word_1_432' title='bbox 1238 4655 1274 4717; x_wconf 85' lang='lat'><strong><em>9:</em></strong></span> <span class='ocrx_word' id='word_1_433' title='bbox 1302 4649 1367 4731; x_wconf 87' lang='grc' dir='ltr'><strong><em>ὅ,τι</em></strong></span> <span class='ocrx_word' id='word_1_434' title='bbox 1387 4668 1438 4716; x_wconf 88' lang='grc' dir='ltr'><strong><em>σοι</em></strong></span> <span class='ocrx_word' id='word_1_435' title='bbox 1458 4653 1553 4718; x_wconf 74' lang='grc' dir='ltr'><strong><em>δοκεῖ.</em></strong></span> <span class='ocrx_word' id='word_1_436' title='bbox 1580 4687 1622 4698; x_wconf 89' lang='lat'><strong><em>-—</em></strong></span> <span class='ocrx_word' id='word_1_437' title='bbox 1651 4656 1680 4737; x_wconf 89' lang='lat'><strong><em>1,</em></strong></span> <span class='ocrx_word' id='word_1_438' title='bbox 1703 4657 1733 4738; x_wconf 91' lang='grc'><strong><em>7,</em></strong></span> <span class='ocrx_word' id='word_1_439' title='bbox 1755 4657 1789 4722; x_wconf 88' lang='grc'><strong><em>3;</em></strong></span> <span class='ocrx_word' id='word_1_440' title='bbox 1816 4647 1855 4742; x_wconf 86' lang='grc' dir='ltr'><strong><em>ἦς</em></strong></span> <span class='ocrx_word' id='word_1_441' title='bbox 1873 4657 1957 4743; x_wconf 86' lang='grc' dir='ltr'><strong><em>ὑμᾶς</em></strong></span> 
     </span>
    </p>
   </div>
   <div class='ocr_carea' id='block_1_8' title="bbox 302 4764 1957 4973">
    <p class='ocr_par' dir='ltr' id='par_1_11' title="bbox 302 4764 1957 4973">
     <span class='ocr_line' id='line_1_35' title="bbox 302 4764 1957 4880; baseline 0.004 -48"><span class='ocrx_word' id='word_1_442' title='bbox 302 4764 363 4851; x_wconf 70' lang='lat' dir='ltr'><strong><em>lysi</em></strong></span> <span class='ocrx_word' id='word_1_443' title='bbox 385 4767 600 4855; x_wconf 75' lang='grc' dir='ltr'><strong><em>εὐδαιμονίζω.</em></strong></span> <span class='ocrx_word' id='word_1_444' title='bbox 622 4808 664 4821; x_wconf 93' lang='lat'>-</span> <span class='ocrx_word' id='word_1_445' title='bbox 685 4774 716 4856; x_wconf 90' lang='grc'><strong>2,</strong></span> <span class='ocrx_word' id='word_1_446' title='bbox 740 4774 767 4854; x_wconf 93' lang='lat' dir='ltr'><strong><em>l,</em></strong></span> <span class='ocrx_word' id='word_1_447' title='bbox 790 4773 845 4835; x_wconf 90' lang='lat'><strong><em>17:</em></strong></span> <span class='ocrx_word' id='word_1_448' title='bbox 867 4766 930 4848; x_wconf 85' lang='grc' dir='ltr'><strong><em>ὅ,τι</em></strong></span> <span class='ocrx_word' id='word_1_449' title='bbox 949 4770 1113 4880; x_wconf 80' lang='grc' dir='ltr'><strong><em>συνδοκεῖ</em></strong></span> <span class='ocrx_word' id='word_1_450' title='bbox 1132 4817 1203 4836; x_wconf 91' lang='grc'><strong>.....</strong></span> <span class='ocrx_word' id='word_1_451' title='bbox 1224 4767 1277 4834; x_wconf 82' lang='grc' dir='ltr'><strong><em>καὶ</em></strong></span> <span class='ocrx_word' id='word_1_452' title='bbox 1300 4764 1390 4834; x_wconf 86' lang='grc' dir='ltr'><strong><em>ὅσοι</em></strong></span> <span class='ocrx_word' id='word_1_453' title='bbox 1408 4767 1503 4853; x_wconf 82' lang='grc' dir='ltr'><strong><em>τιμήν</em></strong></span> <span class='ocrx_word' id='word_1_454' title='bbox 1523 4769 1611 4834; x_wconf 78' lang='grc' dir='ltr'><strong><em>οἴσει.</em></strong></span> <span class='ocrx_word' id='word_1_455' title='bbox 1632 4804 1673 4815; x_wconf 92' lang='grc'><strong>-</strong></span> <span class='ocrx_word' id='word_1_456' title='bbox 1694 4772 1725 4853; x_wconf 92' lang='grc'><strong>2,</strong></span> <span class='ocrx_word' id='word_1_457' title='bbox 1744 4775 1775 4856; x_wconf 90' lang='grc'><strong>2,</strong></span> <span class='ocrx_word' id='word_1_458' title='bbox 1790 4774 1824 4842; x_wconf 88' lang='grc'><strong><em>2;</em></strong></span> <span class='ocrx_word' id='word_1_459' title='bbox 1846 4772 1957 4841; x_wconf 82' lang='grc' dir='ltr'><strong><em>ὁποῖον</em></strong></span> 
     </span>
     <span class='ocr_line' id='line_1_36' title="bbox 302 4879 1955 4973; baseline 0.004 -25"><span class='ocrx_word' id='word_1_460' title='bbox 302 4881 345 4949; x_wconf 81' lang='grc' dir='ltr'><strong><em>ἄν</em></strong></span> <span class='ocrx_word' id='word_1_461' title='bbox 365 4907 396 4949; x_wconf 89' lang='grc' dir='ltr'><strong><em>τι</em></strong></span> <span class='ocrx_word' id='word_1_462' title='bbox 415 4880 494 4968; x_wconf 88' lang='grc' dir='ltr'><strong><em>ὑμῖν</em></strong></span> <span class='ocrx_word' id='word_1_463' title='bbox 513 4888 626 4972; x_wconf 87' lang='grc' dir='ltr'><strong><em>οίησθε</em></strong></span> <span class='ocrx_word' id='word_1_464' title='bbox 645 4886 781 4973; x_wconf 74' lang='grc' dir='ltr'><strong><em>μάλιστα</em></strong></span> <span class='ocrx_word' id='word_1_465' title='bbox 802 4882 984 4973; x_wconf 79' lang='grc' dir='ltr'><strong><em>συμφέρειν.</em></strong></span> <span class='ocrx_word' id='word_1_466' title='bbox 1003 4922 1045 4932; x_wconf 93' lang='grc'>-</span> <span class='ocrx_word' id='word_1_467' title='bbox 1065 4888 1096 4967; x_wconf 90' lang='grc'><strong>2,</strong></span> <span class='ocrx_word' id='word_1_468' title='bbox 1117 4889 1147 4968; x_wconf 81' lang='lat'><strong><em>5,</em></strong></span> <span class='ocrx_word' id='word_1_469' title='bbox 1171 4886 1225 4949; x_wconf 84' lang='lat'><strong><em>14:</em></strong></span> <span class='ocrx_word' id='word_1_470' title='bbox 1254 4883 1290 4949; x_wconf 80' lang='grc' dir='ltr'><strong><em>οῖ’</em></strong></span> <span class='ocrx_word' id='word_1_471' title='bbox 1307 4901 1358 4950; x_wconf 92' lang='grc' dir='ltr'><strong><em>σοι</em></strong></span> <span class='ocrx_word' id='word_1_472' title='bbox 1380 4934 1476 4952; x_wconf 90' lang='grc'><strong>.......</strong></span> <span class='ocrx_word' id='word_1_473' title='bbox 1496 4879 1714 4970; x_wconf 81' lang='grc' dir='ltr'><strong><em>ὑπηρετοῖμεν.</em></strong></span> <span class='ocrx_word' id='word_1_474' title='bbox 1735 4923 1777 4934; x_wconf 90' lang='lat'><strong><em>·-</em></strong></span> <span class='ocrx_word' id='word_1_475' title='bbox 1798 4889 1828 4969; x_wconf 92' lang='grc'><strong>2,</strong></span> <span class='ocrx_word' id='word_1_476' title='bbox 1848 4892 1879 4973; x_wconf 81' lang='grc'><strong>5,</strong></span> <span class='ocrx_word' id='word_1_477' title='bbox 1903 4893 1955 4960; x_wconf 83' lang='grc'><strong><em>18;</em></strong></span> 
     </span>
    </p>
   </div>
   <div class='ocr_carea' id='block_1_9' title="bbox 0 0 2404 5866">
    <p class='ocr_par' dir='ltr' id='par_1_12' title="bbox 0 0 2404 5866">
     <span class='ocr_line' id='line_1_37' title="bbox 0 0 2404 5866; baseline 0 0"><span class='ocrx_word' id='word_1_478' title='bbox 0 0 2404 5866; x_wconf 95' lang='lat' dir='ltr'><strong><em> </em></strong></span> 
     </span>
    </p>
   </div>
  </div>
 </body>
</html>
