4800 5867
1236 582 1256 645 6

486 755 612 830 δεινούς
633 748 716 821 εἶναι
735 753 887 824 κλέπτειν.
916 794 956 804 -
983 759 1019 841 3,
1043 762 1077 843 1,
1098 760 1153 826 25:
1180 757 1271 844 κύγοί
1293 809 1406 827 ........
1426 756 1561 826 ἕπεσθαι
1585 755 1664 843 ὑμῖν
1683 757 1859 846 βούλομαι,
1881 764 1909 832 εί
1928 765 1957 829 δ’
1979 760 2070 849 ὑμεῖς

413 866 533 936 τύπτετὲ
553 892 592 955 με
611 869 769 956 ἡγεῖσθαι.
791 907 833 919 -
859 875 890 955 5,
911 875 941 955 5,
962 877 996 939 9:
1020 870 1096 940 ούδὲ
1116 873 1179 961 γὰρ
1199 872 1289 960 ἡμεῖς
1309 871 1394 959 ὑμᾶς
1412 873 1508 942 οὐδὲν
1525 875 1650 942 πώποτε
1669 872 1855 962 ὑπήρξαμεν
1873 883 1981 957 κακῶς
1999 903 2071 947 ποι·

414 991 532 1064 οῦντες.
554 1024 594 1036 -
618 992 648 1070 7,
669 989 699 1071 2,
721 989 782 1054 342·
798 985 889 1053 ταῦτ’
912 987 997 1055 ἐστὶν
1018 986 1040 1055 δι’
1060 986 1122 1073 tyri
1142 987 1235 1074 ὑμῶν
1255 989 1375 1074 δέομαι.
1394 1027 1436 1038 -
1458 995 1488 1074 7,
1509 993 1541 1074 2,
1563 993 1619 1058 35:
1640 994 1671 1058 τί
1691 985 1753 1060 νύν
1838 992 1880 1062 σύ
1900 995 2070 1064 δύναιο...

413 1106 451 1188 τῇ
472 1126 506 1168 τε
527 1107 658 1190 στρατιᾷ
678 1100 803 1169 διδόναι
824 1139 934 1169 ...-·-.
962 1107 992 1188 5,
1013 1108 1044 1189 8,
1066 1110 1100 1171 7:
1126 1104 1189 1172 ἐπεὶ
1211 1106 1267 1173 καὶ
1290 1104 1331 1173 σύ
1351 1106 1420 1192 ἐμοὶ
1440 1105 1604 1187 ἀπέδειξας
1623 1105 1681 1174 τόν
1701 1108 1814 1193 ἄνδρα.
1838 1147 1880 1160 -
1908 1117 1938 1196 7,
1961 1119 1990 1194 1,
2010 1115 2070 1195 21,

413 1223 476 1286 νῦν
495 1218 549 1300 ύν,
569 1221 597 1285 εἰ
614 1219 754 1305 βούλοιο,
777 1218 817 1285 σύ
838 1243 871 1285 τε
892 1218 975 1305 ἡμᾶς
995 1219 1128 1305 ὀνήσαις
1147 1222 1202 1288 καὶ
1220 1219 1310 1307 ἡμεῖς
1330 1221 1364 1289 σῖ
1383 1221 1486 1307 μίγαν
1504 1224 1701 1308 ποιήσαιμεν.
1723 1262 1763 1273 -
1785 1230 1815 1310 7,
1828 1231 1858 1310 7,
1874 1231 1931 1294 15:
1951 1231 1994 1293 ut
2013 1226 2072 1312 μὲν

413 1334 455 1401 σύ
476 1359 506 1402 τι
526 1333 605 1420 ἔχεις
712 1335 792 1420 πρδς
813 1331 898 1419 ἡμᾶς
917 1333 1031 1420 λέγειν,
1053 1340 1081 1403 εί
1101 1335 1135 1403 δὲ
1156 1339 1212 1423 μή,
1233 1336 1323 1423 ἡμεῖς
1342 1337 1425 1423 πρός
1445 1337 1487 1405 σὲ,
1501 1338 1620 1425 ἔχομεν.
1641 1377 1683 1388 -
2174 1325 2181 1336 ’

514 1451 602 1519 Ηαεσ
625 1453 685 1519 duo
709 1451 856 1536 exempla
871 1451 939 1534 jem
961 1455 1195 1520 enuuoietorum
1223 1455 1459 1540 oppositionem
1483 1454 1654 1540 praebent,
1679 1457 1714 1522 in
1740 1477 1802 1541 que
1826 1475 1980 1523 summam
2008 1457 2071 1524 vim

414 1568 603 1652 pronomina
627 1573 799 1634 assumunt
846 1564 910 1634 Sed
936 1568 989 1635 hie
1014 1590 1138 1656 quoque
1167 1570 1388 1653 distinguenda
1414 1577 1487 1638 sunt
1518 1573 1680 1658 complura
1707 1593 1824 1656 genere
1852 1573 2071 1659 oppositionis

415 1682 452 1750 ln
467 1684 537 1750 loeo
560 1686 589 1766 6,
605 1686 634 1766 6,
646 1686 687 1750 20
707 1685 767 1749 εῖτε
789 1675 850 1749 οὑν
868 1680 961 1768 ἡμῶν
980 1710 1054 1751 τινα
1076 1688 1170 1775 αἰτιᾷ,
1190 1685 1351 1770 πάρεσμέν
1370 1704 1424 1753 σοι
1443 1683 1543 1771 ἡμεῖς,
1564 1688 1624 1752 εἴτε
1643 1687 1699 1753 καί
1721 1687 1821 1754 ἄλλον
1834 1687 1918 1768 τινύ,
1932 1687 2071 1773 φρύσον,

417 1821 434 1866 e
454 1798 552 1866 verbo
575 1796 703 1883 φράσον
724 1797 911 1865 eliciendum
933 1807 998 1882 eet,
1019 1802 1104 1885 quod
1123 1804 1305 1886 pronomini
1324 1799 1414 1887 ἡμεῖς
1436 1809 1628 1889 opponatur3
1655 1825 1693 1871 es
1718 1807 1814 1889 igitur
1835 1807 1993 1892 oppositio
2014 1825 2072 1872 ne·

416 1935 505 1984 oesse
528 1925 577 1982 est
597 1917 701 1981 minus
722 1916 827 1997 gravis
841 1916 891 2010 sit
925 1915 1033 2002 Neque
1055 1917 1154 1984 multo
1175 1919 1302 2001 gravior
1319 1925 1377 2001 est,
1397 1918 1451 1986 ubi
1471 1919 1505 1983 in
1526 1918 1624 1985 altero
1647 1925 1769 1986 tantum
1788 1923 1952 1988 enunointo
1968 1925 2073 1986 exstet

415 2051 601 2115 pronomen,
624 2031 709 2115 quod
731 2032 903 2116 opponitur
922 2032 956 2098 in
978 2033 1074 2099 verbo
1096 2037 1219 2100 tentum
1238 2036 1331 2101 inest
1365 2032 1553 2119 Plerumque
1574 2036 1708 2102 aiterum
1728 2043 1851 2103 tentum
1873 2037 2073 2104 enunoiotum

417 2147 669 2230 conjunctionem
688 2146 784 2216 hebet
805 2154 860 2215 aut
877 2168 1057 2233 pronomen
1075 2149 1255 2230 relativum,
1283 2149 1332 2216 oui
1358 2148 1437 2215 nihil
1457 2151 1632 2235 respondet
1652 2153 1687 2218 in
1707 2151 1817 2218 altero.
1859 2156 1890 2234 7,
1911 2156 1941 2235 6,
1963 2155 2018 2218 27:
2045 2151 2074 2216 εί

489 2262 622 2348 Σεύθην
643 2263 808 2349 σύμμαχον
828 2260 906 2349 ὑμῖν
925 2263 1141 2349 προσέλαβον,
1168 2263 1279 2350 ἔχοντα
1303 2264 1357 2329 καὶ
1379 2262 1490 2340 ῖππέας
1514 2264 1569 2330 καί
1588 2264 1763 2342 πελταστὰς
1783 2255 1830 2331 τόν
1851 2262 1940 2350 ὑμεῖς
1960 2282 2074 2351 προσε-

416 2382 523 2446 δεῖσθε
544 2418 640 2447 ...-.
668 2382 697 2462 3,
721 2385 748 2464 1,
771 2383 828 2447 36:
849 2378 892 2465 ἡν
912 2378 947 2448 δὲ
967 2377 1058 2465 ὑμεῖς
1078 2379 1171 2446 αύτοί
1189 2403 1223 2446 τε
1243 2379 1554 2464 παρασκευαζόμενοι
1574 2382 1708 2466 φανεροὶ
1729 2376 1784 2466 ἡτε
1804 2380 1857 2447 καί
1878 2378 2073 2458 τοὺςύλλους

415 2499 626 2581 παρακαλῆτε,
648 2489 684 2561 εὖ
704 2497 770 2562 iore
791 2495 839 2562 ὅτι
860 2495 990 2574 ἕψονται
1009 2493 1203 2580 ὑμῖν....-.
1226 2504 1255 2580 7,
1278 2501 1307 2581 6,
1329 2498 1384 2562 411
1405 2496 1604 2582 παραλαβεῖν
1623 2497 1663 2562 τοί
1682 2495 1828 2581 χρήματα
1849 2494 1871 2562 ὑί
1891 2493 1980 2581 ἡμεῖς
2002 2494 2073 2562 ἑπο-

415 2609 693 2696 νήσαμεν.....-·.
728 2619 757 2694 1,
778 2615 809 2696 4,
830 2614 865 2678 8:
891 2609 942 2678 ὅτι
969 2613 1102 2688 κακίους
1128 2610 1186 2677 είσὶ
1215 2612 1286 2695 περὶ
1311 2609 1404 2696 ἡμᾶς,
1424 2613 1447 2696 ἡ
1466 2611 1556 2697 ἡμεῖς
1575 2614 1646 2699 περὶ
1666 2614 1816 2691 ἐκείνους.
1844 2652 1886 2661 -
1912 2616 1943 2696 6,
1964 2618 1994 2696 6,
2015 2613 2072 2678 23:

416 2727 513 2814 ἡκουε
532 2728 607 2813 γάρ,
629 2727 734 2812 ὥσπερ
756 2725 855 2813 ἡμεῖς,
877 2724 922 2805 ὡς
943 2726 1067 2811 ύπορον
1088 2729 1137 2813 ε’ίη
1151 2765 1326 2794 .........-
1362 2732 1391 2812 7,
1411 2730 1441 2811 8,
1463 2733 1499 2795 4;
1522 2727 1651 2813 ἐπήρετο
1675 2733 1702 2795 εί
1722 2728 1784 2814 ήδη
1805 2727 1947 2811 θύσειεν,
1968 2727 2073 2809 ὥσπερ

417 2844 517 2924 οἴκοι,
543 2841 619 2927 ἔφη,
648 2844 776 2908 εἰώθειν
803 2842 865 2927 ἐγὼ
890 2841 967 2925 ὑμῖν
993 2842 1135 2909 δύεσθαι
1161 2844 1215 2909 καὶ
1242 2839 1436 2910 ὁλοκαυτεῖν.
1465 2880 1508 2891 -
1538 2850 1568 2929 5,
1591 2848 1621 2929 8,
1643 2850 1677 2912 7:
1705 2845 1831 2911 ἅπαντα
1858 2849 1899 2912 σᾶ
1926 2843 2074 2911 ύπεδωκύ

418 2975 484 3038 σοι,
512 2955 807 3043 eneruauerunt
835 2956 997 3038 ἀπέδειξας
1025 2956 1082 3024 τόν
1110 2956 1224 3040 ἄνδρα.
1265 2957 1466 3044 Plerumque¹
1482 2960 1543 3025 duo
1571 2961 1626 3026 ilie
1653 2963 1818 3027 enunciata
1845 2961 2074 3041 conjunguntur

419 3074 487 3140 sola
505 3073 659 3159 porticula
678 3072 721 3140 δὲ.
764 3076 795 3157 3,
815 3077 846 3158 4,
868 3077 925 3140 41:
953 3072 1051 3154 ἀλλά,
1071 3075 1099 3139 εἰ
1119 3071 1245 3158 βούλει,
1267 3071 1340 3158 μένε
1364 3072 1415 3138 ἐπὶ
1439 3078 1483 3163 τῷ
1507 3073 1730 3159 στρατεύματι,
1760 3072 1821 3159 lyei
1844 3074 1873 3139 δ’
1887 3072 1990 3140 ἐθέλω
2016 3096 2074 3140 πο-

418 3190 586 3276 ρεύεσθαι,
608 3192 635 3255 εί
655 3187 690 3255 δὲ
710 3187 841 3275 χρήζεις,
860 3189 1000 3278 πορεύου
1021 3189 1072 3255 ἐπὶ
1091 3189 1128 3255 τό
1150 3187 1236 3275 ὅρος,
1258 3187 1318 3273 ἐγώ
1340 3187 1374 3254 δὲ
1394 3193 1480 3274 μενῶ
1505 3187 1615 3256 αὑτοῦ.
1637 3227 1679 3239 -
1700 3193 1730 3273 5,
1758 3195 1783 3273 1,
1804 3193 1838 3255 4:
1921 3186 2011 3273 οἶμαι
2032 3187 2074 3255 ἄν

419 3305 525 3372 ἐλθεῖν
545 3306 596 3371 καὶ
619 3304 756 3390 τριήρεις
776 3302 856 3390 ἔχων
877 3306 932 3371 καί
952 3312 1048 3372 πλοῖα
1069 3304 1107 3370 τό
1128 3302 1211 3389 ἡμᾶς
1233 3306 1363 3386 δόξοντα·
1383 3303 1475 3390 ὑμεῖς
1495 3304 1530 3370 δὲ
1614 3303 1791 3389 περιμένετε
1806 3341 1902 3372 ...-.
1931 3309 1961 3388 6,
1976 3309 2003 3386 l,
2016 3305 2073 3370 37:

419 3426 576 3508 Ξενοφῶν
595 3421 630 3489 δὲ
650 3420 840 3502 ὑπεκρίνατο
861 3420 910 3489 ὅτι
929 3420 1025 3488 οὐδὲν
1045 3419 1088 3487 ἄν
1108 3421 1231 3488 τούτων
1251 3424 1334 3487 εἴποι
1354 3424 1400 3496 είς
1420 3419 1478 3505 τήν
1498 3418 1663 3505 στρατιάν*
1690 3416 1781 3504 ὑμεῖς
1807 3417 1842 3486 δὲ
1862 3416 2074 3498 συλλέξαντες,
2108 3493 2112 3500 ,

419 3538 490 3624 ἔφη,
512 3542 539 3606 εί
559 3538 726 3625 βούλεσθε,
747 3534 857 3622 λέγετε.
879 3576 922 3587 -
949 3542 978 3621 6,
1002 3543 1030 3619 1,
1048 3538 1105 3604 29:
1132 3535 1236 3603 ἐκεῖνο
1258 3535 1358 3603 ἐννοῶ
1378 3534 1422 3621 μή
1443 3538 1517 3601 λίαν
1537 3532 1581 3601 ἂν
1601 3533 1681 3621 ταχὺ
1703 3535 1978 3620 σωφρονισθείην.
2000 3531 2019 3598 ό
2040 3530 2076 3598 δὲ

276 3653 286 3673 ’
419 3652 509 3740 ὑμεῖς
530 3654 663 3721 ἐννοεῖτε
684 3691 780 3721 ...-.
816 3657 846 3737 6,
869 3656 898 3737 6,
920 3654 975 3720 36:
998 3650 1079 3718 ἀλλὰ
1099 3653 1290 3737 πορεύεσθε·
1309 3649 1400 3736 ἡμεῖς
1420 3650 1455 3718 δὲ
1475 3648 1570 3737 ὑμᾶς,
1590 3651 1720 3718 ἐπειδαίν
1741 3649 1839 3716 ἐκεῖσε
1859 3646 1967 3735 ήκητε,
1989 3646 2077 3728 δεξό·

419 3779 505 3854 μεθα
525 3807 621 3836 ...-.
654 3775 684 3853 7,
705 3772 735 3852 3,
756 3773 812 3836 24;
838 3766 977 3859 Ἐκείυφ,
998 3766 1071 3854 ἔφη,
1093 3769 1163 3846 δός·
1184 3768 1325 3854 σχολάζει
1347 3767 1411 3853 γὰρ
1431 3767 1509 3851 ήδη,
1537 3765 1599 3852 troi
1624 3766 1660 3832 δὲ
1685 3764 1820 3834 οὐδέπω.
1848 3803 1887 3814 -
1915 3771 1945 3848 7,
1967 3766 1997 3848 3,
2019 3766 2074 3831 36:

421 3884 745 3971 Παρασκευασύμενοι
770 3882 954 3969 ἀναμένετε·
982 3882 1043 3970 ἐγὼ
1070 3884 1105 3951 δὲ
1129 3881 1251 3951 ὁπόταν
1277 3882 1388 3968 καιρός
1419 3874 1437 3968 ἡ
1466 3881 1532 3967 ἡξω
1559 3881 1641 3968 πρὸς
1666 3878 1758 3966 ὑμᾶς.
1800 3881 1882 3947 Raro
1910 3882 1943 3946 in
1968 3882 2075 3967 priore

421 4005 585 4070 enuncieto
598 4004 691 4083 inest,
703 4002 787 4086 quod
802 4002 931 4085 indicet,
946 4004 1034 4086 sequi
1050 4001 1190 4068 alterum
1201 4037 1244 4048 -
1257 4003 1288 4084 2,
1302 4002 1333 4084 4,
1350 4004 1398 4067 19.
1412 4002 1467 4067 2οε
1489 3997 1547 4065 ἐὰν
1559 3995 1618 4082 μὲν
1631 3994 1693 4084 γὰρ
1708 4000 1830 4078 νικῶσι,
1852 3999 1882 4062 τῖ
1895 3998 1946 4062 δεῖ
1956 3992 2076 4070 αὐτούς

420 4117 509 4185 λύειν
529 4117 588 4203 τήν
607 4115 770 4204 γέφυρανς
886 4115 943 4184 ἐὰν
963 4115 999 4183 δὲ
1019 4113 1108 4200 ἡμεῖς
1128 4120 1283 4200 νικῶμεν,
1303 4115 1475 4200 λελυμένης
1495 4118 1551 4199 τής
1570 4112 1716 4199 γεφύρας
1736 4111 1796 4199 οὑχ
1817 4113 1944 4194 ἕξουσιν
1963 4112 2076 4179 ἐκεῖνον

418 4234 492 4302 όποι
512 4234 668 4321 φύγωσιν.
690 4272 733 4284 -
760 4238 790 4318 5,
810 4239 839 4318 7,
861 4238 899 4300 17
907 4257 914 4300 :
934 4237 1036 4300 ταῦτα
1055 4230 1085 4296 δ’
1100 4224 1141 4316 ἡν
1160 4230 1196 4297 ἐν
1218 4235 1257 4318 τῇ
1277 4229 1378 4322 ἡμέρη
1400 4224 1421 4318 ἡ
1440 4228 1530 4317 ἡμεῖς
1550 4227 1640 4311 δεῦρ’
1663 4228 1852 4316 ἐξωρμῶμεν
1869 4234 1954 4315 πεζή.

518 4351 661 4433 Augetur
680 4352 729 4416 ris
751 4349 971 4436 oppositionis,
993 4350 1069 4415 siin
1085 4349 1167 4416 binis
1189 4351 1361 4416 ennuoietis
1382 4349 1458 4415 bine
1474 4347 1603 4414 nomina
1623 4348 1740 4431 insunt,
1761 4348 1845 4415 inter
1864 4367 1899 4413 se
1918 4343 2075 4429 opposite,

420 4484 499 4549 quoe
529 4467 738 4552 oppositionis
765 4467 813 4533 vis
840 4485 963 4531 summa
993 4466 1133 4548 exsistit,
1160 4465 1188 4531 si
1217 4472 1249 4532 et
1276 4466 1440 4532 enunciata
1466 4465 1607 4530 vieissim
1634 4463 1903 4548 conjunctionibus
1929 4460 2013 4526 inter
2039 4477 2074 4524 se

415 4582 588 4664 Jnngrmtur
609 4588 641 4649 et
662 4585 809 4668 oppositu
829 4580 884 4648 ille
905 4582 1037 4649 eundem
1054 4582 1191 4648 formem
1211 4580 1336 4648 habent
1377 4578 1521 4645 Diversis
1541 4579 1654 4646 formis
1676 4586 1748 4647 sunt
1769 4575 1915 4662 opposite
1936 4578 1967 4656 5,
1988 4574 2018 4657 4,
2040 4576 2074 4641 9:

419 4700 450 4764 τί
469 4692 561 4782 ἡμῶν
584 4694 735 4782 δεήσεσθε
754 4697 948 4783 χρήσασθαι,
970 4696 1014 4764 ἄν
1031 4697 1190 4783 σύμμαχοι
1211 4693 1303 4781 ὑμῶν
1322 4693 1501 4781 γενόμεθα,
1522 4694 1575 4762 καί
1595 4692 1685 4780 ὑμεῖς
1702 4695 1734 4759 τί
1753 4687 1862 4757 οἷοίτε
1876 4687 1985 4755 ἔσεσθε
1999 4684 2076 4775 ἡμῖν

419 4812 616 4898 σνμπρᾶξαις
629 4849 670 4861 -
685 4817 714 4895 7,
728 4816 757 4896 6,
771 4817 805 4879 5:
823 4810 906 4879 Ἀλλ’
927 4811 973 4900 ήν
993 4810 1149 4899 ὑμεῖς
1171 4811 1375 4892 συλλέξαντες
1396 4810 1513 4889 αύτούς
1533 4808 1716 4895 ὑπόσχησθε
1735 4805 1793 4874 τόν
1812 4804 1944 4890 μισθόν,
1964 4804 2075 4891 ὀλίγον

417 4929 526 5019 ἐκείνφ
546 4927 736 5018 προσχόντες
757 4925 1019 5015 ἀποδραμοῦνται
1038 4930 1101 4998 σύν
1121 4927 1208 5015 ὑμῖν.
1223 4966 1265 4978 -
1280 4932 1310 5009 6,
1322 4930 1353 5013 4,
1367 4931 1420 4996 12:
1442 4925 1532 5014 ἡμεῖς
1545 4918 1616 5010 οὑν,
1638 4921 1710 5011 ἔφη,
1730 4920 1920 5009 θυσόμεθα·
1941 4919 2027 5008 ὑμᾶς
2039 4920 2075 4988 δὲ

865 5099 881 5154 i
